[
    {
        "product_detail_url": "https://shop.kimelo.com/sku/cheese-cheddar-shredded-fancy-mild-4-106832/106832",
        "image_url": "https://d3tlizm80tjdt4.cloudfront.net/image/15193/image/sm-dba02abeba78ee707501f521a0557481.png",
        "product_name": "Cheese, Cheddar, Shredded, Fancy, Mild, (4) - 106832",
        "product_code_from_url": "106832",
        "brand": "Cheswick",
        "price": "$16.46",
        "unit_price": "$3.29/lb",
        "status": "IN STOCK",
        "product_name_detail": "Cheese, Cheddar, Shredded, Fancy, Mild, (4)",
        "item_number_from_name": "106832",
        "brand_supplier_detail": "Cheswick",
        "categories": "Cheese / Shredded Cheese",
        "detail_page_main_image_url": "https://d3tlizm80tjdt4.cloudfront.net/image/3523/image/lg-90fd6ac8b80a54f0d88d5efcfa684530.jpg",
        "detail_page_main_image_alt": "Cheese, Cheddar, Shredded, Fancy, Mild, (4) - 106832",
        "detail_page_thumbnail_images": [
            {
                "url": "https://d3tlizm80tjdt4.cloudfront.net/image/3523/image/sm-8c0633f6cbe02f5223ebf8dccd214838.jpg",
                "alt": "Cheese, Cheddar, Shredded, Fancy, Mild, (4) - 106832"
            },
            {
                "url": "https://d3tlizm80tjdt4.cloudfront.net/image/15193/image/sm-dba02abeba78ee707501f521a0557481.png",
                "alt": "Cheese, Cheddar, Shredded, Fancy, Mild, (4) - 106832"
            },
            {
                "url": "https://d3tlizm80tjdt4.cloudfront.net/image/11508/image/sm-055bb8294fde524216aa47e922a75c1c.jpeg",
                "alt": "Cheese, Cheddar, Shredded, Fancy, Mild, (4) - 106832"
            }
        ],
        "sku": "106832",
        "upc": "106832",
        "quantity_package_info": "4 Eaches",
        "dimensions": "L 1\" x W 1\" x H 1\"",
        "weight": "5 lbs",
        "table_caption": "Product information or packaging displayed may not be current or complete. *Actual weight may vary based on seasonality and other factors.",
        "proposition_65_warning": "Warning: This product can expose you to chemicals including arsenic, which is known to the State of California to cause cancer. For more information, go to www.P65Warnings.ca.gov",
        "related_products": [
            "https://shop.kimelo.com//sku/cheese-cheddar-mild-sliced-8-103600/103600",
            "https://shop.kimelo.com//sku/cheese-cheddar-mild-loaf-8-5-lb-103670/103670"
        ],
        "other_like_products": [
            "https://shop.kimelo.com//sku/cheese-cheddar-mild-loaf-8-5-lb-103670/103670",
            "https://shop.kimelo.com//sku/cheese-pepperjack-feather-shred-45-lb-123794/123794",
            "https://shop.kimelo.com//sku/cheese-parmesan-shaved-4-5-lb-106816/106816",
            "https://shop.kimelo.com//sku/cheese-monterey-jack-shredded-fancy-4-5-lb-108930/108930",
            "https://shop.kimelo.com//sku/cheese-monterey-jack-loaf-2-5-lb-107600/107600",
            "https://shop.kimelo.com//sku/cheese-cheddar-sharp-slcd-interleaf-075-oz-8-103603/103603",
            "https://shop.kimelo.com//sku/cheese-gruyere-imported-loaf-2-5-lb-108978/108978",
            "https://shop.kimelo.com//sku/cheese-swiss-sliced-8-15-lb-103602/103602",
            "https://shop.kimelo.com//sku/cheese-cheddar-mild-sliced-8-103600/103600",
            "https://shop.kimelo.com//sku/cheese-blend-mozz-wm-ps-premio-shred-65-lb-112492/112492",
            "https://shop.kimelo.com//sku/cheese-monterey-jack-block-40-lb-avg-103562/103562",
            "https://shop.kimelo.com//sku/cheese-asiago-shredded-6-5-lb-111711/111711",
            "https://shop.kimelo.com//sku/cheese-provolone-sliced-8-15-lb-103601/103601",
            "https://shop.kimelo.com//sku/cheese-5-blend-moz-wmlmlmpsprovparmroma-65-lb-123784/123784",
            "https://shop.kimelo.com//sku/cheese-cream-loaf-philadelphia-6-3-lb-103663/103663",
            "https://shop.kimelo.com//sku/cheese-cheddar-medium-loaf-2-5lb-106815/106815",
            "https://shop.kimelo.com//sku/cheese-monterey-jack-sliced-8-15-lb-103599/103599",
            "https://shop.kimelo.com//sku/cheese-pepper-jack-loaf-8-103672/103672",
            "https://shop.kimelo.com//sku/cheese-shredded-jack-cheddar-blend-fancy-4-5-lb-103664/103664",
            "https://shop.kimelo.com//sku/cheese-cheddar-mild-loaf-8-5-lb-103670/103670",
            "https://shop.kimelo.com//sku/cheese-pepperjack-feather-shred-45-lb-123794/123794",
            "https://shop.kimelo.com//sku/cheese-parmesan-shaved-4-5-lb-106816/106816",
            "https://shop.kimelo.com//sku/cheese-monterey-jack-shredded-fancy-4-5-lb-108930/108930",
            "https://shop.kimelo.com//sku/cheese-monterey-jack-loaf-2-5-lb-107600/107600",
            "https://shop.kimelo.com//sku/cheese-cheddar-sharp-slcd-interleaf-075-oz-8-103603/103603",
            "https://shop.kimelo.com//sku/cheese-gruyere-imported-loaf-2-5-lb-108978/108978",
            "https://shop.kimelo.com//sku/cheese-swiss-sliced-8-15-lb-103602/103602",
            "https://shop.kimelo.com//sku/cheese-cheddar-mild-sliced-8-103600/103600",
            "https://shop.kimelo.com//sku/cheese-blend-mozz-wm-ps-premio-shred-65-lb-112492/112492",
            "https://shop.kimelo.com//sku/cheese-monterey-jack-block-40-lb-avg-103562/103562",
            "https://shop.kimelo.com//sku/cheese-asiago-shredded-6-5-lb-111711/111711",
            "https://shop.kimelo.com//sku/cheese-provolone-sliced-8-15-lb-103601/103601",
            "https://shop.kimelo.com//sku/cheese-5-blend-moz-wmlmlmpsprovparmroma-65-lb-123784/123784",
            "https://shop.kimelo.com//sku/cheese-cream-loaf-philadelphia-6-3-lb-103663/103663",
            "https://shop.kimelo.com//sku/cheese-cheddar-medium-loaf-2-5lb-106815/106815",
            "https://shop.kimelo.com//sku/cheese-monterey-jack-sliced-8-15-lb-103599/103599",
            "https://shop.kimelo.com//sku/cheese-pepper-jack-loaf-8-103672/103672",
            "https://shop.kimelo.com//sku/cheese-shredded-jack-cheddar-blend-fancy-4-5-lb-103664/103664",
            "https://shop.kimelo.com//sku/cheese-cheddar-mild-loaf-8-5-lb-103670/103670",
            "https://shop.kimelo.com//sku/cheese-pepperjack-feather-shred-45-lb-123794/123794",
            "https://shop.kimelo.com//sku/cheese-parmesan-shaved-4-5-lb-106816/106816",
            "https://shop.kimelo.com//sku/cheese-monterey-jack-shredded-fancy-4-5-lb-108930/108930",
            "https://shop.kimelo.com//sku/cheese-monterey-jack-loaf-2-5-lb-107600/107600",
            "https://shop.kimelo.com//sku/cheese-cheddar-sharp-slcd-interleaf-075-oz-8-103603/103603"
        ]
    },
    {
        "product_detail_url": "https://shop.kimelo.com/sku/cheese-cheddar-mild-sliced-8-103600/103600",
        "image_url": "https://d3tlizm80tjdt4.cloudfront.net/image/8965/image/sm-137bd810e22f0b816f7a749f30bb60f4.jpeg",
        "product_name": "Cheese, Cheddar, Mild, Sliced, (8) - 103600",
        "product_code_from_url": "103600",
        "brand": "California Select Farms",
        "price": "$6.89",
        "unit_price": "$4.59/lb",
        "status": "IN STOCK",
        "product_name_detail": "Cheese, Cheddar, Mild, Sliced, (8)",
        "item_number_from_name": "103600",
        "brand_supplier_detail": "California Select Farms",
        "categories": "Cheese / Sliced Cheese",
        "detail_page_main_image_url": "https://d3tlizm80tjdt4.cloudfront.net/image/8965/image/lg-2c439c61f5634bb8614026bdbaa6c447.jpeg",
        "detail_page_main_image_alt": "Cheese, Cheddar, Mild, Sliced, (8) - 103600",
        "detail_page_thumbnail_images": [
            {
                "url": "https://d3tlizm80tjdt4.cloudfront.net/image/8965/image/sm-137bd810e22f0b816f7a749f30bb60f4.jpeg",
                "alt": "Cheese, Cheddar, Mild, Sliced, (8) - 103600"
            }
        ],
        "sku": "103600",
        "upc": "103600",
        "quantity_package_info": "8 Eaches",
        "dimensions": "L 1\" x W 1\" x H 1\"",
        "weight": "1.5 lbs",
        "table_caption": "Product information or packaging displayed may not be current or complete. *Actual weight may vary based on seasonality and other factors.",
        "proposition_65_warning": "Warning: This product can expose you to chemicals including arsenic, which is known to the State of California to cause cancer. For more information, go to www.P65Warnings.ca.gov",
        "related_products": [
            "https://shop.kimelo.com//sku/cheese-cheddar-sharp-slcd-interleaf-075-oz-8-103603/103603",
            "https://shop.kimelo.com//sku/cheese-cheddar-shredded-fancy-mild-4-106832/106832"
        ],
        "other_like_products": [
            "https://shop.kimelo.com//sku/cheese-paneer-gopi-1514-oz-124005/124005",
            "https://shop.kimelo.com//sku/cheese-jack-pepper-sliced-8-15-lb-124829/124829",
            "https://shop.kimelo.com//sku/cheese-cheddar-medium-loaf-2-5lb-106815/106815",
            "https://shop.kimelo.com//sku/cheese-cheddar-mild-loaf-8-5-lb-103670/103670",
            "https://shop.kimelo.com//sku/cheese-pecorino-romano-14-lb-124109/124109",
            "https://shop.kimelo.com//sku/cheese-pepper-jack-loaf-8-103672/103672",
            "https://shop.kimelo.com//sku/cheese-swiss-sliced-processed-120-ct-4-5-lb-100014/100014",
            "https://shop.kimelo.com//sku/cheese-swiss-sliced-8-15-lb-103602/103602",
            "https://shop.kimelo.com//sku/cheese-gruyere-imported-loaf-2-5-lb-108978/108978",
            "https://shop.kimelo.com//sku/cheese-halloumi-tradition-greek-import-4088-oz-124144/124144",
            "https://shop.kimelo.com//sku/cheese-monterey-jack-sliced-8-15-lb-103599/103599",
            "https://shop.kimelo.com//sku/cheese-american-120-slice-yellow-4-5-lb-103674/103674",
            "https://shop.kimelo.com//sku/cheese-cream-loaf-philadelphia-6-3-lb-103663/103663",
            "https://shop.kimelo.com//sku/cheese-provolone-sliced-8-15-lb-103601/103601",
            "https://shop.kimelo.com//sku/cheese-paneer-gopi-1514-oz-124005/124005",
            "https://shop.kimelo.com//sku/cheese-jack-pepper-sliced-8-15-lb-124829/124829",
            "https://shop.kimelo.com//sku/cheese-cheddar-medium-loaf-2-5lb-106815/106815",
            "https://shop.kimelo.com//sku/cheese-cheddar-mild-loaf-8-5-lb-103670/103670",
            "https://shop.kimelo.com//sku/cheese-pecorino-romano-14-lb-124109/124109",
            "https://shop.kimelo.com//sku/cheese-pepper-jack-loaf-8-103672/103672",
            "https://shop.kimelo.com//sku/cheese-swiss-sliced-processed-120-ct-4-5-lb-100014/100014",
            "https://shop.kimelo.com//sku/cheese-swiss-sliced-8-15-lb-103602/103602",
            "https://shop.kimelo.com//sku/cheese-gruyere-imported-loaf-2-5-lb-108978/108978",
            "https://shop.kimelo.com//sku/cheese-halloumi-tradition-greek-import-4088-oz-124144/124144",
            "https://shop.kimelo.com//sku/cheese-monterey-jack-sliced-8-15-lb-103599/103599",
            "https://shop.kimelo.com//sku/cheese-american-120-slice-yellow-4-5-lb-103674/103674",
            "https://shop.kimelo.com//sku/cheese-cream-loaf-philadelphia-6-3-lb-103663/103663",
            "https://shop.kimelo.com//sku/cheese-provolone-sliced-8-15-lb-103601/103601",
            "https://shop.kimelo.com//sku/cheese-paneer-gopi-1514-oz-124005/124005",
            "https://shop.kimelo.com//sku/cheese-jack-pepper-sliced-8-15-lb-124829/124829",
            "https://shop.kimelo.com//sku/cheese-cheddar-medium-loaf-2-5lb-106815/106815",
            "https://shop.kimelo.com//sku/cheese-cheddar-mild-loaf-8-5-lb-103670/103670",
            "https://shop.kimelo.com//sku/cheese-pecorino-romano-14-lb-124109/124109",
            "https://shop.kimelo.com//sku/cheese-pepper-jack-loaf-8-103672/103672"
        ]
    },
    {
        "product_detail_url": "https://shop.kimelo.com/sku/cheese-ricotta-4-5lb-108718/108718",
        "image_url": "https://d3tlizm80tjdt4.cloudfront.net/image/15218/image/sm-466292604c156f994ceac17cbcf40f9e.png",
        "product_name": "Cheese, Ricotta, (4) 5lb - 108718",
        "product_code_from_url": "108718",
        "brand": "Galbani",
        "price": "$16.89",
        "unit_price": "$3.38/lb",
        "status": "IN STOCK",
        "product_name_detail": "Cheese, Ricotta, (4) 5lb",
        "item_number_from_name": "108718",
        "brand_supplier_detail": "Galbani",
        "categories": "Cheese / Specialty Cheese",
        "detail_page_main_image_url": "https://d3tlizm80tjdt4.cloudfront.net/image/15218/image/lg-7fa5470dac1a2b61dd719873dbfca17a.png",
        "detail_page_main_image_alt": "Cheese, Ricotta, (4) 5lb - 108718",
        "detail_page_thumbnail_images": [
            {
                "url": "https://d3tlizm80tjdt4.cloudfront.net/image/15218/image/sm-466292604c156f994ceac17cbcf40f9e.png",
                "alt": "Cheese, Ricotta, (4) 5lb - 108718"
            },
            {
                "url": "https://d3tlizm80tjdt4.cloudfront.net/image/6471/image/sm-bda6386bbd05798cc8a74996b2cc845a.jpg",
                "alt": "Cheese, Ricotta, (4) 5lb - 108718"
            },
            {
                "url": "https://d3tlizm80tjdt4.cloudfront.net/image/6472/image/sm-408b1ffb5afd1e90810c60ec8e96c810.jpg",
                "alt": "Cheese, Ricotta, (4) 5lb - 108718"
            }
        ],
        "sku": "108718",
        "upc": "108718",
        "quantity_package_info": "4 Eaches",
        "dimensions": "L 1\" x W 1\" x H 1\"",
        "weight": "5 lbs",
        "table_caption": "Product information or packaging displayed may not be current or complete. *Actual weight may vary based on seasonality and other factors.",
        "proposition_65_warning": "Warning: This product can expose you to chemicals including arsenic, which is known to the State of California to cause cancer. For more information, go to www.P65Warnings.ca.gov",
        "related_products": [
            "https://shop.kimelo.com//sku/cheese-mascarpone-tub-belgioioso-4-5-lb-107599/107599"
        ],
        "other_like_products": [
            "https://shop.kimelo.com//sku/cheese-feta-crumbles-president-25-lb-123341/123341",
            "https://shop.kimelo.com//sku/cheese-provolone-sliced-8-15-lb-103601/103601",
            "https://shop.kimelo.com//sku/cheese-feta-french-pail-valbreso-18-lb-avg-123797/123797",
            "https://shop.kimelo.com//sku/cheese-feta-in-brine-pail-2-8-lb-124284/124284",
            "https://shop.kimelo.com//sku/cheese-feta-sheepgoat-imported-ziria-14-kg-124111/124111",
            "https://shop.kimelo.com//sku/cheese-feta-rbst-free-estia-24-lb-124006/124006",
            "https://shop.kimelo.com//sku/cheese-mascarpone-tub-belgioioso-4-5-lb-107599/107599",
            "https://shop.kimelo.com//sku/cheese-gruyere-imported-loaf-2-5-lb-108978/108978",
            "https://shop.kimelo.com//sku/cheese-queso-fresco-casero-bulk-12-lbs-112596/112596",
            "https://shop.kimelo.com//sku/cheese-mozzarella-fresh-ovoline-galbani-23-lb-123382/123382",
            "https://shop.kimelo.com//sku/cheese-feta-crumbles-president-25-lb-123341/123341",
            "https://shop.kimelo.com//sku/cheese-provolone-sliced-8-15-lb-103601/103601",
            "https://shop.kimelo.com//sku/cheese-feta-french-pail-valbreso-18-lb-avg-123797/123797",
            "https://shop.kimelo.com//sku/cheese-feta-in-brine-pail-2-8-lb-124284/124284",
            "https://shop.kimelo.com//sku/cheese-feta-sheepgoat-imported-ziria-14-kg-124111/124111",
            "https://shop.kimelo.com//sku/cheese-feta-rbst-free-estia-24-lb-124006/124006",
            "https://shop.kimelo.com//sku/cheese-mascarpone-tub-belgioioso-4-5-lb-107599/107599",
            "https://shop.kimelo.com//sku/cheese-gruyere-imported-loaf-2-5-lb-108978/108978",
            "https://shop.kimelo.com//sku/cheese-queso-fresco-casero-bulk-12-lbs-112596/112596",
            "https://shop.kimelo.com//sku/cheese-mozzarella-fresh-ovoline-galbani-23-lb-123382/123382",
            "https://shop.kimelo.com//sku/cheese-feta-crumbles-president-25-lb-123341/123341",
            "https://shop.kimelo.com//sku/cheese-provolone-sliced-8-15-lb-103601/103601",
            "https://shop.kimelo.com//sku/cheese-feta-french-pail-valbreso-18-lb-avg-123797/123797",
            "https://shop.kimelo.com//sku/cheese-feta-in-brine-pail-2-8-lb-124284/124284",
            "https://shop.kimelo.com//sku/cheese-feta-sheepgoat-imported-ziria-14-kg-124111/124111",
            "https://shop.kimelo.com//sku/cheese-feta-rbst-free-estia-24-lb-124006/124006"
        ]
    },
    {
        "product_detail_url": "https://shop.kimelo.com/sku/cheese-american-120-slice-yellow-4-5-lb-103674/103674",
        "image_url": "https://d3tlizm80tjdt4.cloudfront.net/image/15196/image/sm-af4d520ed6ba1c0a2c2dbddaffd35ce4.png",
        "product_name": "Cheese, American, 120 Slice, Yellow, (4) 5 Lb - 103674",
        "product_code_from_url": "103674",
        "brand": "Schreiber",
        "price": "$16.76",
        "unit_price": "$3.35/lb",
        "status": "IN STOCK",
        "product_name_detail": "Cheese, American, 120 Slice, Yellow, (4) 5 Lb",
        "item_number_from_name": "103674",
        "brand_supplier_detail": "Schreiber",
        "categories": "Cheese / Sliced Cheese",
        "detail_page_main_image_url": "https://d3tlizm80tjdt4.cloudfront.net/image/15196/image/lg-ccdbd02d1c7dbbf81495e73e21088efc.png",
        "detail_page_main_image_alt": "Cheese, American, 120 Slice, Yellow, (4) 5 Lb - 103674",
        "detail_page_thumbnail_images": [
            {
                "url": "https://d3tlizm80tjdt4.cloudfront.net/image/15196/image/sm-af4d520ed6ba1c0a2c2dbddaffd35ce4.png",
                "alt": "Cheese, American, 120 Slice, Yellow, (4) 5 Lb - 103674"
            }
        ],
        "sku": "103674",
        "upc": "103674",
        "quantity_package_info": "4 Eaches",
        "dimensions": "L 1\" x W 1\" x H 1\"",
        "weight": "5.15 lbs",
        "table_caption": "Product information or packaging displayed may not be current or complete. *Actual weight may vary based on seasonality and other factors.",
        "proposition_65_warning": "Warning: This product can expose you to chemicals including arsenic, which is known to the State of California to cause cancer. For more information, go to www.P65Warnings.ca.gov",
        "related_products": [
            "https://shop.kimelo.com//sku/cheese-swiss-sliced-processed-120-ct-4-5-lb-100014/100014"
        ],
        "other_like_products": [
            "https://shop.kimelo.com//sku/tomato-round-5x6-2-layer-25-lb-avg-101430/101430",
            "https://shop.kimelo.com//sku/cheese-cheddar-mild-loaf-8-5-lb-103670/103670",
            "https://shop.kimelo.com//sku/cheese-pepper-jack-loaf-8-103672/103672",
            "https://shop.kimelo.com//sku/cheese-provolone-sliced-8-15-lb-103601/103601",
            "https://shop.kimelo.com//sku/cheese-pecorino-romano-14-lb-124109/124109",
            "https://shop.kimelo.com//sku/cheese-monterey-jack-sliced-8-15-lb-103599/103599",
            "https://shop.kimelo.com//sku/cheese-swiss-sliced-processed-120-ct-4-5-lb-100014/100014",
            "https://shop.kimelo.com//sku/cheese-halloumi-tradition-greek-import-4088-oz-124144/124144",
            "https://shop.kimelo.com//sku/bun-hamburger-brioche-45in-412-ct-frozen-110447/110447",
            "https://shop.kimelo.com//sku/cheese-monterey-jack-block-40-lb-avg-103562/103562",
            "https://shop.kimelo.com//sku/cheese-gruyere-imported-loaf-2-5-lb-108978/108978",
            "https://shop.kimelo.com//sku/cheese-paneer-gopi-1514-oz-124005/124005",
            "https://shop.kimelo.com//sku/cheese-swiss-sliced-8-15-lb-103602/103602",
            "https://shop.kimelo.com//sku/tomato-round-5x6-2-layer-25-lb-avg-101430/101430",
            "https://shop.kimelo.com//sku/cheese-cheddar-mild-loaf-8-5-lb-103670/103670",
            "https://shop.kimelo.com//sku/cheese-pepper-jack-loaf-8-103672/103672",
            "https://shop.kimelo.com//sku/cheese-provolone-sliced-8-15-lb-103601/103601",
            "https://shop.kimelo.com//sku/cheese-pecorino-romano-14-lb-124109/124109",
            "https://shop.kimelo.com//sku/cheese-monterey-jack-sliced-8-15-lb-103599/103599",
            "https://shop.kimelo.com//sku/cheese-swiss-sliced-processed-120-ct-4-5-lb-100014/100014",
            "https://shop.kimelo.com//sku/cheese-halloumi-tradition-greek-import-4088-oz-124144/124144",
            "https://shop.kimelo.com//sku/bun-hamburger-brioche-45in-412-ct-frozen-110447/110447",
            "https://shop.kimelo.com//sku/cheese-monterey-jack-block-40-lb-avg-103562/103562",
            "https://shop.kimelo.com//sku/cheese-gruyere-imported-loaf-2-5-lb-108978/108978",
            "https://shop.kimelo.com//sku/cheese-paneer-gopi-1514-oz-124005/124005",
            "https://shop.kimelo.com//sku/cheese-swiss-sliced-8-15-lb-103602/103602",
            "https://shop.kimelo.com//sku/tomato-round-5x6-2-layer-25-lb-avg-101430/101430",
            "https://shop.kimelo.com//sku/cheese-cheddar-mild-loaf-8-5-lb-103670/103670",
            "https://shop.kimelo.com//sku/cheese-pepper-jack-loaf-8-103672/103672",
            "https://shop.kimelo.com//sku/cheese-provolone-sliced-8-15-lb-103601/103601",
            "https://shop.kimelo.com//sku/cheese-pecorino-romano-14-lb-124109/124109",
            "https://shop.kimelo.com//sku/cheese-monterey-jack-sliced-8-15-lb-103599/103599"
        ]
    },
    {
        "product_detail_url": "https://shop.kimelo.com/sku/cheese-parmesan-shaved-4-5-lb-106816/106816",
        "image_url": "https://d3tlizm80tjdt4.cloudfront.net/image/2865/image/sm-7f83700059c075a212d5756e9c4e7073.jpg",
        "product_name": "Cheese, Parmesan, Shaved, (4) 5 Lb - 106816",
        "product_code_from_url": "106816",
        "brand": "Galbani",
        "price": "$26.44",
        "unit_price": "$5.29/lb",
        "status": "IN STOCK",
        "product_name_detail": "Cheese, Parmesan, Shaved, (4) 5 Lb",
        "item_number_from_name": "106816",
        "brand_supplier_detail": "Galbani",
        "categories": "Cheese / Crumbled, Cubed, Grated, Shaved",
        "detail_page_main_image_url": "https://d3tlizm80tjdt4.cloudfront.net/image/2865/image/lg-6b1c2aa042c05d5f96842ec63a5e8707.jpg",
        "detail_page_main_image_alt": "Cheese, Parmesan, Shaved, (4) 5 Lb - 106816",
        "detail_page_thumbnail_images": [
            {
                "url": "https://d3tlizm80tjdt4.cloudfront.net/image/2865/image/sm-7f83700059c075a212d5756e9c4e7073.jpg",
                "alt": "Cheese, Parmesan, Shaved, (4) 5 Lb - 106816"
            }
        ],
        "sku": "106816",
        "upc": "106816",
        "quantity_package_info": "4 Eaches",
        "dimensions": "L 1\" x W 1\" x H 1\"",
        "weight": "5 lbs",
        "table_caption": "Product information or packaging displayed may not be current or complete. *Actual weight may vary based on seasonality and other factors.",
        "proposition_65_warning": "Warning: This product can expose you to chemicals including arsenic, which is known to the State of California to cause cancer. For more information, go to www.P65Warnings.ca.gov",
        "related_products": [
            "https://shop.kimelo.com//sku/cheese-parmesan-wheel-usa-20-lb-avg-112306/112306",
            "https://shop.kimelo.com//sku/cheese-parmesan-grated-imported-4-5-lb-111522/111522"
        ],
        "other_like_products": [
            "https://shop.kimelo.com//sku/cheese-cheddar-medium-loaf-2-5lb-106815/106815",
            "https://shop.kimelo.com//sku/cheese-monterey-jack-shredded-fancy-4-5-lb-108930/108930",
            "https://shop.kimelo.com//sku/cheese-monterey-jack-loaf-2-5-lb-107600/107600",
            "https://shop.kimelo.com//sku/cheese-cheddar-shredded-fancy-mild-4-106832/106832",
            "https://shop.kimelo.com//sku/cheese-parmesan-grated-imported-4-5-lb-111522/111522",
            "https://shop.kimelo.com//sku/cheese-cheddar-sharp-slcd-interleaf-075-oz-8-103603/103603",
            "https://shop.kimelo.com//sku/cheese-blend-mozz-wm-ps-premio-shred-65-lb-112492/112492",
            "https://shop.kimelo.com//sku/appetizer-mozzarella-sticks-breaded-italian-43-lb-110439/110439",
            "https://shop.kimelo.com//sku/cheese-swiss-sliced-8-15-lb-103602/103602",
            "https://shop.kimelo.com//sku/cheese-gorgonzola-crumbles-86464-2-5-lb-107598/107598",
            "https://shop.kimelo.com//sku/cheese-monterey-jack-sliced-8-15-lb-103599/103599",
            "https://shop.kimelo.com//sku/cheese-monterey-jack-block-40-lb-avg-103562/103562",
            "https://shop.kimelo.com//sku/cheese-cheddar-mild-loaf-8-5-lb-103670/103670",
            "https://shop.kimelo.com//sku/cheese-pepper-jack-loaf-8-103672/103672",
            "https://shop.kimelo.com//sku/cheese-cheddar-mild-sliced-8-103600/103600",
            "https://shop.kimelo.com//sku/cheese-provolone-sliced-8-15-lb-103601/103601",
            "https://shop.kimelo.com//sku/cheese-cheddar-medium-loaf-2-5lb-106815/106815",
            "https://shop.kimelo.com//sku/cheese-monterey-jack-shredded-fancy-4-5-lb-108930/108930",
            "https://shop.kimelo.com//sku/cheese-monterey-jack-loaf-2-5-lb-107600/107600",
            "https://shop.kimelo.com//sku/cheese-cheddar-shredded-fancy-mild-4-106832/106832",
            "https://shop.kimelo.com//sku/cheese-parmesan-grated-imported-4-5-lb-111522/111522",
            "https://shop.kimelo.com//sku/cheese-cheddar-sharp-slcd-interleaf-075-oz-8-103603/103603",
            "https://shop.kimelo.com//sku/cheese-blend-mozz-wm-ps-premio-shred-65-lb-112492/112492",
            "https://shop.kimelo.com//sku/appetizer-mozzarella-sticks-breaded-italian-43-lb-110439/110439",
            "https://shop.kimelo.com//sku/cheese-swiss-sliced-8-15-lb-103602/103602",
            "https://shop.kimelo.com//sku/cheese-gorgonzola-crumbles-86464-2-5-lb-107598/107598",
            "https://shop.kimelo.com//sku/cheese-monterey-jack-sliced-8-15-lb-103599/103599",
            "https://shop.kimelo.com//sku/cheese-monterey-jack-block-40-lb-avg-103562/103562",
            "https://shop.kimelo.com//sku/cheese-cheddar-mild-loaf-8-5-lb-103670/103670",
            "https://shop.kimelo.com//sku/cheese-pepper-jack-loaf-8-103672/103672",
            "https://shop.kimelo.com//sku/cheese-cheddar-mild-sliced-8-103600/103600",
            "https://shop.kimelo.com//sku/cheese-provolone-sliced-8-15-lb-103601/103601",
            "https://shop.kimelo.com//sku/cheese-cheddar-medium-loaf-2-5lb-106815/106815",
            "https://shop.kimelo.com//sku/cheese-monterey-jack-shredded-fancy-4-5-lb-108930/108930",
            "https://shop.kimelo.com//sku/cheese-monterey-jack-loaf-2-5-lb-107600/107600",
            "https://shop.kimelo.com//sku/cheese-cheddar-shredded-fancy-mild-4-106832/106832",
            "https://shop.kimelo.com//sku/cheese-parmesan-grated-imported-4-5-lb-111522/111522",
            "https://shop.kimelo.com//sku/cheese-cheddar-sharp-slcd-interleaf-075-oz-8-103603/103603"
        ]
    },
    {
        "product_detail_url": "https://shop.kimelo.com/sku/cheese-mozzarella-wmlm-feather-shred-nb-45-lb-124254/124254",
        "image_url": "https://d3tlizm80tjdt4.cloudfront.net/remote_images/image/2114/small/b41784f854f03efedc29d73d0a248d0dac389d704b7101205d.jpg",
        "product_name": "Cheese, Mozzarella, Wmlm, Feather Shred, Nb, 4/5 Lb - 124254",
        "product_code_from_url": "124254",
        "brand": "North Beach",
        "price": "$53.98",
        "unit_price": "$2.70/lb",
        "status": "IN STOCK",
        "product_name_detail": "Cheese, Mozzarella, Wmlm, Feather Shred, Nb, 4/5 Lb",
        "item_number_from_name": "124254",
        "brand_supplier_detail": "North Beach",
        "categories": "Cheese / Specialty Cheese",
        "detail_page_main_image_url": "https://d3tlizm80tjdt4.cloudfront.net/remote_images/image/2114/large/4dee849cad9d6cf6ae699ee48676465f81ceff9300ee219365.jpg",
        "detail_page_main_image_alt": "Cheese, Mozzarella, Wmlm, Feather Shred, Nb, 4/5 Lb - 124254",
        "detail_page_thumbnail_images": [
            {
                "url": "https://d3tlizm80tjdt4.cloudfront.net/remote_images/image/2114/small/b41784f854f03efedc29d73d0a248d0dac389d704b7101205d.jpg",
                "alt": "Cheese, Mozzarella, Wmlm, Feather Shred, Nb, 4/5 Lb - 124254"
            }
        ],
        "sku": "124254",
        "upc": "124254",
        "quantity_package_info": "1 Item",
        "dimensions": "L 1\" x W 1\" x H 1\"",
        "weight": "20 lbs",
        "table_caption": "Product information or packaging displayed may not be current or complete. *Actual weight may vary based on seasonality and other factors.",
        "proposition_65_warning": "Warning: This product can expose you to chemicals including arsenic, which is known to the State of California to cause cancer. For more information, go to www.P65Warnings.ca.gov",
        "related_products": [],
        "other_like_products": [
            "https://shop.kimelo.com//sku/cheese-feta-french-pail-valbreso-18-lb-avg-123797/123797",
            "https://shop.kimelo.com//sku/cheese-indian-paneer-bulk-fresh-loaf-4-109240/109240",
            "https://shop.kimelo.com//sku/cheese-mozzarella-fresh-loaf-thin-slice-61-lb-112545/112545",
            "https://shop.kimelo.com//sku/sauce-pizza-fully-prepared-with-cheese-610-123566/123566",
            "https://shop.kimelo.com//sku/sausage-italian-garlic-bulk-45-lbs-123938/123938",
            "https://shop.kimelo.com//sku/cheese-feta-crumbles-president-25-lb-123341/123341",
            "https://shop.kimelo.com//sku/sauce-pizza-with-basil-full-red-610-can-123358/123358",
            "https://shop.kimelo.com//sku/cheese-mascarpone-tub-belgioioso-4-5-lb-107599/107599",
            "https://shop.kimelo.com//sku/cheese-mozzarella-fresh-ovoline-galbani-23-lb-123382/123382",
            "https://shop.kimelo.com//sku/cheese-mozzarella-fresh-loaf-sliced-61-lb-123535/123535",
            "https://shop.kimelo.com//sku/cheese-queso-fresco-casero-bulk-12-lbs-112596/112596",
            "https://shop.kimelo.com//sku/pepperoni-sliced-layflat-classic-124721/124721",
            "https://shop.kimelo.com//sku/cheese-feta-french-pail-valbreso-18-lb-avg-123797/123797",
            "https://shop.kimelo.com//sku/cheese-indian-paneer-bulk-fresh-loaf-4-109240/109240",
            "https://shop.kimelo.com//sku/cheese-mozzarella-fresh-loaf-thin-slice-61-lb-112545/112545",
            "https://shop.kimelo.com//sku/sauce-pizza-fully-prepared-with-cheese-610-123566/123566",
            "https://shop.kimelo.com//sku/sausage-italian-garlic-bulk-45-lbs-123938/123938",
            "https://shop.kimelo.com//sku/cheese-feta-crumbles-president-25-lb-123341/123341",
            "https://shop.kimelo.com//sku/sauce-pizza-with-basil-full-red-610-can-123358/123358",
            "https://shop.kimelo.com//sku/cheese-mascarpone-tub-belgioioso-4-5-lb-107599/107599",
            "https://shop.kimelo.com//sku/cheese-mozzarella-fresh-ovoline-galbani-23-lb-123382/123382",
            "https://shop.kimelo.com//sku/cheese-mozzarella-fresh-loaf-sliced-61-lb-123535/123535",
            "https://shop.kimelo.com//sku/cheese-queso-fresco-casero-bulk-12-lbs-112596/112596",
            "https://shop.kimelo.com//sku/pepperoni-sliced-layflat-classic-124721/124721",
            "https://shop.kimelo.com//sku/cheese-feta-french-pail-valbreso-18-lb-avg-123797/123797",
            "https://shop.kimelo.com//sku/cheese-indian-paneer-bulk-fresh-loaf-4-109240/109240",
            "https://shop.kimelo.com//sku/cheese-mozzarella-fresh-loaf-thin-slice-61-lb-112545/112545",
            "https://shop.kimelo.com//sku/sauce-pizza-fully-prepared-with-cheese-610-123566/123566",
            "https://shop.kimelo.com//sku/sausage-italian-garlic-bulk-45-lbs-123938/123938",
            "https://shop.kimelo.com//sku/cheese-feta-crumbles-president-25-lb-123341/123341"
        ]
    },
    {
        "product_detail_url": "https://shop.kimelo.com/sku/cheese-jack-pepper-sliced-8-15-lb-124829/124829",
        "image_url": "https://d3tlizm80tjdt4.cloudfront.net/remote_images/image/5723/small/63b0ef7755de74914c5a50da256581d0721f73912ee4923b21.jpg",
        "product_name": "Cheese, Jack Pepper, Sliced, (8) 1.5 Lb 124829",
        "product_code_from_url": "124829",
        "brand": "Cal Premium",
        "price": "$6.72",
        "unit_price": "$4.48/lb",
        "status": "IN STOCK",
        "product_name_detail": "Cheese, Jack Pepper, Sliced, (8) 1.5 Lb 124829",
        "brand_supplier_detail": "Cal Premium",
        "categories": "Cheese / Sliced Cheese",
        "detail_page_main_image_url": "https://d3tlizm80tjdt4.cloudfront.net/remote_images/image/5723/large/634d3ddc937414044a0ad44e41adcdbc32a5938271c72b1e60.jpg",
        "detail_page_main_image_alt": "Cheese, Jack Pepper, Sliced, (8) 1.5 Lb 124829",
        "detail_page_thumbnail_images": [
            {
                "url": "https://d3tlizm80tjdt4.cloudfront.net/remote_images/image/5723/small/63b0ef7755de74914c5a50da256581d0721f73912ee4923b21.jpg",
                "alt": "Cheese, Jack Pepper, Sliced, (8) 1.5 Lb 124829"
            }
        ],
        "sku": "124829",
        "upc": "124829",
        "quantity_package_info": "8 Eaches",
        "dimensions": "L 1\" x W 1\" x H 1\"",
        "weight": "1.5 lbs",
        "table_caption": "Product information or packaging displayed may not be current or complete. *Actual weight may vary based on seasonality and other factors.",
        "proposition_65_warning": "Warning: This product can expose you to chemicals including arsenic, which is known to the State of California to cause cancer. For more information, go to www.P65Warnings.ca.gov",
        "related_products": [
            "https://shop.kimelo.com//sku/cheese-pepper-jack-loaf-8-103672/103672",
            "https://shop.kimelo.com//sku/cheese-pepperjack-feather-shred-45-lb-123794/123794",
            "https://shop.kimelo.com//sku/cheese-monterey-jack-sliced-8-15-lb-103599/103599",
            "https://shop.kimelo.com//sku/cheese-pepper-jack-loaf-8-103672/103672",
            "https://shop.kimelo.com//sku/cheese-pepperjack-feather-shred-45-lb-123794/123794",
            "https://shop.kimelo.com//sku/cheese-monterey-jack-sliced-8-15-lb-103599/103599",
            "https://shop.kimelo.com//sku/cheese-pepper-jack-loaf-8-103672/103672",
            "https://shop.kimelo.com//sku/cheese-pepperjack-feather-shred-45-lb-123794/123794"
        ],
        "other_like_products": [
            "https://shop.kimelo.com//sku/cheese-pepper-jack-loaf-8-103672/103672",
            "https://shop.kimelo.com//sku/cheese-pepperjack-feather-shred-45-lb-123794/123794",
            "https://shop.kimelo.com//sku/cheese-monterey-jack-sliced-8-15-lb-103599/103599",
            "https://shop.kimelo.com//sku/cheese-pepper-jack-loaf-8-103672/103672",
            "https://shop.kimelo.com//sku/cheese-pepperjack-feather-shred-45-lb-123794/123794",
            "https://shop.kimelo.com//sku/cheese-monterey-jack-sliced-8-15-lb-103599/103599",
            "https://shop.kimelo.com//sku/cheese-pepper-jack-loaf-8-103672/103672",
            "https://shop.kimelo.com//sku/cheese-pepperjack-feather-shred-45-lb-123794/123794"
        ]
    },
    {
        "product_detail_url": "https://shop.kimelo.com/sku/cheese-cream-loaf-philadelphia-6-3-lb-103663/103663",
        "image_url": "https://d3tlizm80tjdt4.cloudfront.net/image/1544/image/sm-b2bb50a2b1ae90153c2401ff9f0214df.jpg",
        "product_name": "Cheese, Cream, Loaf, Philadelphia, (6) 3 Lb - 103663",
        "product_code_from_url": "103663",
        "brand": "Philadelphia",
        "price": "$16.13",
        "unit_price": "$5.38/lb",
        "status": "IN STOCK",
        "product_name_detail": "Cheese, Cream, Loaf, Philadelphia, (6) 3 Lb",
        "item_number_from_name": "103663",
        "brand_supplier_detail": "Philadelphia",
        "categories": "Cheese / Cheese Loaf",
        "detail_page_main_image_url": "https://d3tlizm80tjdt4.cloudfront.net/image/1545/image/lg-b4c12a0da1cff4c43428fb0891f7333a.jpg",
        "detail_page_main_image_alt": "Cheese, Cream, Loaf, Philadelphia, (6) 3 Lb - 103663",
        "detail_page_thumbnail_images": [
            {
                "url": "https://d3tlizm80tjdt4.cloudfront.net/image/1545/image/sm-57a0a958f4f4717c1bba1b6ea1376e12.jpg",
                "alt": "Cheese, Cream, Loaf, Philadelphia, (6) 3 Lb - 103663"
            },
            {
                "url": "https://d3tlizm80tjdt4.cloudfront.net/image/1544/image/sm-b2bb50a2b1ae90153c2401ff9f0214df.jpg",
                "alt": "Cheese, Cream, Loaf, Philadelphia, (6) 3 Lb - 103663"
            }
        ],
        "sku": "103663",
        "upc": "103663",
        "quantity_package_info": "6 Eaches",
        "dimensions": "L 1\" x W 1\" x H 1\"",
        "weight": "3 lbs",
        "table_caption": "Product information or packaging displayed may not be current or complete. *Actual weight may vary based on seasonality and other factors.",
        "proposition_65_warning": "Warning: This product can expose you to chemicals including arsenic, which is known to the State of California to cause cancer. For more information, go to www.P65Warnings.ca.gov",
        "related_products": [
            "https://shop.kimelo.com//sku/cheese-cream-bulk-30-lb-103662/103662",
            "https://shop.kimelo.com//sku/cheese-cream-loaf-103-lb-112699/112699"
        ],
        "other_like_products": [
            "https://shop.kimelo.com//sku/cheese-cheddar-mild-loaf-8-5-lb-103670/103670",
            "https://shop.kimelo.com//sku/cheese-pepper-jack-loaf-8-103672/103672",
            "https://shop.kimelo.com//sku/cheese-monterey-jack-loaf-2-5-lb-107600/107600",
            "https://shop.kimelo.com//sku/cheese-cheddar-shredded-fancy-mild-4-106832/106832",
            "https://shop.kimelo.com//sku/cheese-cheddar-sharp-slcd-interleaf-075-oz-8-103603/103603",
            "https://shop.kimelo.com//sku/cheese-monterey-jack-shredded-fancy-4-5-lb-108930/108930",
            "https://shop.kimelo.com//sku/cheese-gruyere-imported-loaf-2-5-lb-108978/108978",
            "https://shop.kimelo.com//sku/cheese-swiss-sliced-processed-120-ct-4-5-lb-100014/100014",
            "https://shop.kimelo.com//sku/cheese-swiss-sliced-8-15-lb-103602/103602",
            "https://shop.kimelo.com//sku/cheese-american-120-slice-yellow-4-5-lb-103674/103674",
            "https://shop.kimelo.com//sku/cheese-cheddar-medium-loaf-2-5lb-106815/106815",
            "https://shop.kimelo.com//sku/cheese-monterey-jack-block-40-lb-avg-103562/103562",
            "https://shop.kimelo.com//sku/cheese-cheddar-mild-sliced-8-103600/103600",
            "https://shop.kimelo.com//sku/cheese-provolone-sliced-8-15-lb-103601/103601",
            "https://shop.kimelo.com//sku/cheese-monterey-jack-sliced-8-15-lb-103599/103599",
            "https://shop.kimelo.com//sku/cheese-cheddar-mild-loaf-8-5-lb-103670/103670",
            "https://shop.kimelo.com//sku/cheese-pepper-jack-loaf-8-103672/103672",
            "https://shop.kimelo.com//sku/cheese-monterey-jack-loaf-2-5-lb-107600/107600",
            "https://shop.kimelo.com//sku/cheese-cheddar-shredded-fancy-mild-4-106832/106832",
            "https://shop.kimelo.com//sku/cheese-cheddar-sharp-slcd-interleaf-075-oz-8-103603/103603",
            "https://shop.kimelo.com//sku/cheese-monterey-jack-shredded-fancy-4-5-lb-108930/108930",
            "https://shop.kimelo.com//sku/cheese-gruyere-imported-loaf-2-5-lb-108978/108978",
            "https://shop.kimelo.com//sku/cheese-swiss-sliced-processed-120-ct-4-5-lb-100014/100014",
            "https://shop.kimelo.com//sku/cheese-swiss-sliced-8-15-lb-103602/103602",
            "https://shop.kimelo.com//sku/cheese-american-120-slice-yellow-4-5-lb-103674/103674",
            "https://shop.kimelo.com//sku/cheese-cheddar-medium-loaf-2-5lb-106815/106815",
            "https://shop.kimelo.com//sku/cheese-monterey-jack-block-40-lb-avg-103562/103562",
            "https://shop.kimelo.com//sku/cheese-cheddar-mild-sliced-8-103600/103600",
            "https://shop.kimelo.com//sku/cheese-provolone-sliced-8-15-lb-103601/103601",
            "https://shop.kimelo.com//sku/cheese-monterey-jack-sliced-8-15-lb-103599/103599",
            "https://shop.kimelo.com//sku/cheese-cheddar-mild-loaf-8-5-lb-103670/103670",
            "https://shop.kimelo.com//sku/cheese-pepper-jack-loaf-8-103672/103672",
            "https://shop.kimelo.com//sku/cheese-monterey-jack-loaf-2-5-lb-107600/107600",
            "https://shop.kimelo.com//sku/cheese-cheddar-shredded-fancy-mild-4-106832/106832",
            "https://shop.kimelo.com//sku/cheese-cheddar-sharp-slcd-interleaf-075-oz-8-103603/103603",
            "https://shop.kimelo.com//sku/cheese-monterey-jack-shredded-fancy-4-5-lb-108930/108930"
        ]
    },
    {
        "product_detail_url": "https://shop.kimelo.com/sku/cheese-shredded-jack-cheddar-blend-fancy-4-5-lb-103664/103664",
        "image_url": "https://d3tlizm80tjdt4.cloudfront.net/remote_images/image/7672/small/63a1d4191c5e3258376922c1599c780ef012ec6bf3828fa409.jpg",
        "product_name": "Cheese, Shredded, Jack & Cheddar Blend, Fancy, (4) 5 Lb - 103664",
        "product_code_from_url": "103664",
        "brand": "Packer",
        "price": "$14.71",
        "unit_price": "$2.94/lb",
        "status": "IN STOCK",
        "product_name_detail": "Cheese, Shredded, Jack & Cheddar Blend, Fancy, (4) 5 Lb",
        "item_number_from_name": "103664",
        "brand_supplier_detail": "Packer",
        "categories": "Cheese / Shredded Cheese",
        "detail_page_main_image_url": "https://d3tlizm80tjdt4.cloudfront.net/remote_images/image/7672/large/005693eacab8eab59ac07874da7b7c1945a605d60a01410ccf.jpg",
        "detail_page_main_image_alt": "Cheese, Shredded, Jack & Cheddar Blend, Fancy, (4) 5 Lb - 103664",
        "detail_page_thumbnail_images": [
            {
                "url": "https://d3tlizm80tjdt4.cloudfront.net/remote_images/image/7672/small/63a1d4191c5e3258376922c1599c780ef012ec6bf3828fa409.jpg",
                "alt": "Cheese, Shredded, Jack & Cheddar Blend, Fancy, (4) 5 Lb - 103664"
            },
            {
                "url": "https://d3tlizm80tjdt4.cloudfront.net/image/1466/image/sm-9dc182a80808a1c180aad5abe924c572.jpg",
                "alt": "Cheese, Shredded, Jack & Cheddar Blend, Fancy, (4) 5 Lb - 103664"
            }
        ],
        "sku": "103664",
        "upc": "103664",
        "quantity_package_info": "4 Eaches",
        "dimensions": "L 1\" x W 1\" x H 1\"",
        "weight": "5 lbs",
        "table_caption": "Product information or packaging displayed may not be current or complete. *Actual weight may vary based on seasonality and other factors.",
        "proposition_65_warning": "Warning: This product can expose you to chemicals including arsenic, which is known to the State of California to cause cancer. For more information, go to www.P65Warnings.ca.gov",
        "related_products": [
            "https://shop.kimelo.com//sku/cheese-5-blend-moz-wmlmlmpsprovparmroma-65-lb-123784/123784"
        ],
        "other_like_products": [
            "https://shop.kimelo.com//sku/cheese-pepperjack-feather-shred-45-lb-123794/123794",
            "https://shop.kimelo.com//sku/cheese-cheddar-mild-loaf-8-5-lb-103670/103670",
            "https://shop.kimelo.com//sku/cheese-cheddar-sharp-slcd-interleaf-075-oz-8-103603/103603",
            "https://shop.kimelo.com//sku/cheese-cheddar-shredded-fancy-mild-4-106832/106832",
            "https://shop.kimelo.com//sku/butter-solids-european-unsalted-36-1-lb-103494/103494",
            "https://shop.kimelo.com//sku/cheese-monterey-jack-shredded-fancy-4-5-lb-108930/108930",
            "https://shop.kimelo.com//sku/cheese-5-blend-moz-wmlmlmpsprovparmroma-65-lb-123784/123784",
            "https://shop.kimelo.com//sku/cheese-asiago-shredded-6-5-lb-111711/111711",
            "https://shop.kimelo.com//sku/milk-whole-21-gal-109392/109392",
            "https://shop.kimelo.com//sku/milk-powdered-whole-55-lb-110890/110890",
            "https://shop.kimelo.com//sku/cheese-blend-mozz-wm-ps-premio-shred-65-lb-112492/112492",
            "https://shop.kimelo.com//sku/cheese-cheddar-mild-sliced-8-103600/103600",
            "https://shop.kimelo.com//sku/cheese-pepperjack-feather-shred-45-lb-123794/123794",
            "https://shop.kimelo.com//sku/cheese-cheddar-mild-loaf-8-5-lb-103670/103670",
            "https://shop.kimelo.com//sku/cheese-cheddar-sharp-slcd-interleaf-075-oz-8-103603/103603",
            "https://shop.kimelo.com//sku/cheese-cheddar-shredded-fancy-mild-4-106832/106832",
            "https://shop.kimelo.com//sku/butter-solids-european-unsalted-36-1-lb-103494/103494",
            "https://shop.kimelo.com//sku/cheese-monterey-jack-shredded-fancy-4-5-lb-108930/108930",
            "https://shop.kimelo.com//sku/cheese-5-blend-moz-wmlmlmpsprovparmroma-65-lb-123784/123784",
            "https://shop.kimelo.com//sku/cheese-asiago-shredded-6-5-lb-111711/111711",
            "https://shop.kimelo.com//sku/milk-whole-21-gal-109392/109392",
            "https://shop.kimelo.com//sku/milk-powdered-whole-55-lb-110890/110890",
            "https://shop.kimelo.com//sku/cheese-blend-mozz-wm-ps-premio-shred-65-lb-112492/112492",
            "https://shop.kimelo.com//sku/cheese-cheddar-mild-sliced-8-103600/103600",
            "https://shop.kimelo.com//sku/cheese-pepperjack-feather-shred-45-lb-123794/123794",
            "https://shop.kimelo.com//sku/cheese-cheddar-mild-loaf-8-5-lb-103670/103670",
            "https://shop.kimelo.com//sku/cheese-cheddar-sharp-slcd-interleaf-075-oz-8-103603/103603",
            "https://shop.kimelo.com//sku/cheese-cheddar-shredded-fancy-mild-4-106832/106832",
            "https://shop.kimelo.com//sku/butter-solids-european-unsalted-36-1-lb-103494/103494",
            "https://shop.kimelo.com//sku/cheese-monterey-jack-shredded-fancy-4-5-lb-108930/108930"
        ]
    },
    {
        "product_detail_url": "https://shop.kimelo.com/sku/cheese-parmesan-grated-imported-4-5-lb-111522/111522",
        "image_url": "https://d3tlizm80tjdt4.cloudfront.net/image/10794/image/sm-313ae66972cd7064da6bcf09c337ae5a.png",
        "product_name": "Cheese, Parmesan, Grated, Imported, (4) 5 Lb - 111522",
        "product_code_from_url": "111522",
        "brand": "Galbani",
        "price": "$30.18",
        "unit_price": "$6.04/lb",
        "status": "IN STOCK",
        "product_name_detail": "Cheese, Parmesan, Grated, Imported, (4) 5 Lb",
        "item_number_from_name": "111522",
        "brand_supplier_detail": "Galbani",
        "categories": "Cheese / Crumbled, Cubed, Grated, Shaved",
        "detail_page_main_image_url": "https://d3tlizm80tjdt4.cloudfront.net/image/10794/image/lg-618f90d84d902bbb4115a3d709264c93.png",
        "detail_page_main_image_alt": "Cheese, Parmesan, Grated, Imported, (4) 5 Lb - 111522",
        "detail_page_thumbnail_images": [
            {
                "url": "https://d3tlizm80tjdt4.cloudfront.net/image/10794/image/sm-313ae66972cd7064da6bcf09c337ae5a.png",
                "alt": "Cheese, Parmesan, Grated, Imported, (4) 5 Lb - 111522"
            }
        ],
        "sku": "111522",
        "upc": "111522",
        "quantity_package_info": "4 Eaches",
        "dimensions": "L 1\" x W 1\" x H 1\"",
        "weight": "5 lbs",
        "table_caption": "Product information or packaging displayed may not be current or complete. *Actual weight may vary based on seasonality and other factors.",
        "proposition_65_warning": "Warning: This product can expose you to chemicals including arsenic, which is known to the State of California to cause cancer. For more information, go to www.P65Warnings.ca.gov",
        "related_products": [
            "https://shop.kimelo.com//sku/cheese-parmesan-shaved-4-5-lb-106816/106816",
            "https://shop.kimelo.com//sku/cheese-parmesan-wheel-usa-20-lb-avg-112306/112306"
        ],
        "other_like_products": []
    },
    {
        "product_detail_url": "https://shop.kimelo.com/sku/cheese-cheddar-mild-loaf-8-5-lb-103670/103670",
        "image_url": "https://d3tlizm80tjdt4.cloudfront.net/image/11595/image/sm-a149c106d663df481f081d8fa47bcf0f.jpeg",
        "product_name": "Cheese, Cheddar, Mild, Loaf, (8) 5 Lb - 103670",
        "product_code_from_url": "103670",
        "brand": "Cheswick",
        "price": "$16.99",
        "unit_price": "$3.40/lb",
        "status": "IN STOCK",
        "product_name_detail": "Cheese, Cheddar, Mild, Loaf, (8) 5 Lb",
        "item_number_from_name": "103670",
        "brand_supplier_detail": "Cheswick",
        "categories": "Cheese / Cheese Loaf",
        "detail_page_main_image_url": "https://d3tlizm80tjdt4.cloudfront.net/image/11595/image/lg-6980b730987a48d2d04bf9373ed83c63.jpeg",
        "detail_page_main_image_alt": "Cheese, Cheddar, Mild, Loaf, (8) 5 Lb - 103670",
        "detail_page_thumbnail_images": [
            {
                "url": "https://d3tlizm80tjdt4.cloudfront.net/image/11595/image/sm-a149c106d663df481f081d8fa47bcf0f.jpeg",
                "alt": "Cheese, Cheddar, Mild, Loaf, (8) 5 Lb - 103670"
            },
            {
                "url": "https://d3tlizm80tjdt4.cloudfront.net/image/2239/image/sm-97cfe4b265d24acb4747c475560701cb.png",
                "alt": "Cheese, Cheddar, Mild, Loaf, (8) 5 Lb - 103670"
            }
        ],
        "sku": "103670",
        "upc": "103670",
        "quantity_package_info": "8 Eaches",
        "dimensions": "L 1\" x W 1\" x H 1\"",
        "weight": "5 lbs",
        "table_caption": "Product information or packaging displayed may not be current or complete. *Actual weight may vary based on seasonality and other factors.",
        "proposition_65_warning": "Warning: This product can expose you to chemicals including arsenic, which is known to the State of California to cause cancer. For more information, go to www.P65Warnings.ca.gov",
        "related_products": [
            "https://shop.kimelo.com//sku/cheese-cheddar-medium-loaf-2-5lb-106815/106815",
            "https://shop.kimelo.com//sku/cheese-cheddar-shredded-fancy-mild-4-106832/106832",
            "https://shop.kimelo.com//sku/cheese-cheddar-mild-sliced-8-103600/103600",
            "https://shop.kimelo.com//sku/cheese-cheddar-medium-loaf-2-5lb-106815/106815",
            "https://shop.kimelo.com//sku/cheese-cheddar-shredded-fancy-mild-4-106832/106832",
            "https://shop.kimelo.com//sku/cheese-cheddar-mild-sliced-8-103600/103600",
            "https://shop.kimelo.com//sku/cheese-cheddar-medium-loaf-2-5lb-106815/106815",
            "https://shop.kimelo.com//sku/cheese-cheddar-shredded-fancy-mild-4-106832/106832"
        ],
        "other_like_products": [
            "https://shop.kimelo.com//sku/cheese-cheddar-medium-loaf-2-5lb-106815/106815",
            "https://shop.kimelo.com//sku/cheese-cheddar-shredded-fancy-mild-4-106832/106832",
            "https://shop.kimelo.com//sku/cheese-cheddar-mild-sliced-8-103600/103600",
            "https://shop.kimelo.com//sku/cheese-cheddar-medium-loaf-2-5lb-106815/106815",
            "https://shop.kimelo.com//sku/cheese-cheddar-shredded-fancy-mild-4-106832/106832",
            "https://shop.kimelo.com//sku/cheese-cheddar-mild-sliced-8-103600/103600",
            "https://shop.kimelo.com//sku/cheese-cheddar-medium-loaf-2-5lb-106815/106815",
            "https://shop.kimelo.com//sku/cheese-cheddar-shredded-fancy-mild-4-106832/106832"
        ]
    },
    {
        "product_detail_url": "https://shop.kimelo.com/sku/cheese-mascarpone-tub-belgioioso-4-5-lb-107599/107599",
        "image_url": "https://d3tlizm80tjdt4.cloudfront.net/image/17540/image/sm-c373691cb060f68e4cc8b4904a692eda.png",
        "product_name": "Cheese, Mascarpone, Tub, Belgioioso, (4) 5 Lb - 107599",
        "product_code_from_url": "107599",
        "brand": "Belgioioso",
        "price": "$29.72",
        "unit_price": "$5.94/lb",
        "status": "IN STOCK",
        "product_name_detail": "Cheese, Mascarpone, Tub, Belgioioso, (4) 5 Lb",
        "item_number_from_name": "107599",
        "brand_supplier_detail": "Belgioioso",
        "categories": "Cheese / Specialty Cheese",
        "detail_page_main_image_url": "https://d3tlizm80tjdt4.cloudfront.net/image/17540/image/lg-591e40fd066aeb87fd5b9cb9f0ef48ae.png",
        "detail_page_main_image_alt": "Cheese, Mascarpone, Tub, Belgioioso, (4) 5 Lb - 107599",
        "detail_page_thumbnail_images": [
            {
                "url": "https://d3tlizm80tjdt4.cloudfront.net/image/17540/image/sm-c373691cb060f68e4cc8b4904a692eda.png",
                "alt": "Cheese, Mascarpone, Tub, Belgioioso, (4) 5 Lb - 107599"
            }
        ],
        "sku": "107599",
        "upc": "107599",
        "quantity_package_info": "4 Eaches",
        "dimensions": "L 1\" x W 1\" x H 1\"",
        "weight": "5 lbs",
        "table_caption": "Product information or packaging displayed may not be current or complete. *Actual weight may vary based on seasonality and other factors.",
        "proposition_65_warning": "Warning: This product can expose you to chemicals including arsenic, which is known to the State of California to cause cancer. For more information, go to www.P65Warnings.ca.gov",
        "related_products": [
            "https://shop.kimelo.com//sku/cheese-ricotta-4-5lb-108718/108718"
        ],
        "other_like_products": [
            "https://shop.kimelo.com//sku/cheese-provolone-sliced-8-15-lb-103601/103601",
            "https://shop.kimelo.com//sku/cheese-feta-french-pail-valbreso-18-lb-avg-123797/123797",
            "https://shop.kimelo.com//sku/cheese-mozzarella-fresh-loaf-thin-slice-61-lb-112545/112545",
            "https://shop.kimelo.com//sku/cheese-mozzarella-fresh-loaf-sliced-61-lb-123535/123535",
            "https://shop.kimelo.com//sku/cheese-feta-sheepgoat-imported-ziria-14-kg-124111/124111",
            "https://shop.kimelo.com//sku/cheese-goat-chefs-chevre-tub-2-4-lb-103638/103638",
            "https://shop.kimelo.com//sku/cheese-gruyere-imported-loaf-2-5-lb-108978/108978",
            "https://shop.kimelo.com//sku/cheese-ricotta-4-5lb-108718/108718",
            "https://shop.kimelo.com//sku/cheese-mozzarella-fresh-ovoline-galbani-23-lb-123382/123382",
            "https://shop.kimelo.com//sku/cheese-feta-crumbles-president-25-lb-123341/123341",
            "https://shop.kimelo.com//sku/cheese-queso-fresco-casero-bulk-12-lbs-112596/112596",
            "https://shop.kimelo.com//sku/cheese-feta-rbst-free-estia-24-lb-124006/124006",
            "https://shop.kimelo.com//sku/cheese-feta-in-brine-pail-2-8-lb-124284/124284",
            "https://shop.kimelo.com//sku/cheese-provolone-sliced-8-15-lb-103601/103601",
            "https://shop.kimelo.com//sku/cheese-feta-french-pail-valbreso-18-lb-avg-123797/123797",
            "https://shop.kimelo.com//sku/cheese-mozzarella-fresh-loaf-thin-slice-61-lb-112545/112545",
            "https://shop.kimelo.com//sku/cheese-mozzarella-fresh-loaf-sliced-61-lb-123535/123535",
            "https://shop.kimelo.com//sku/cheese-feta-sheepgoat-imported-ziria-14-kg-124111/124111",
            "https://shop.kimelo.com//sku/cheese-goat-chefs-chevre-tub-2-4-lb-103638/103638",
            "https://shop.kimelo.com//sku/cheese-gruyere-imported-loaf-2-5-lb-108978/108978",
            "https://shop.kimelo.com//sku/cheese-ricotta-4-5lb-108718/108718",
            "https://shop.kimelo.com//sku/cheese-mozzarella-fresh-ovoline-galbani-23-lb-123382/123382",
            "https://shop.kimelo.com//sku/cheese-feta-crumbles-president-25-lb-123341/123341",
            "https://shop.kimelo.com//sku/cheese-queso-fresco-casero-bulk-12-lbs-112596/112596",
            "https://shop.kimelo.com//sku/cheese-feta-rbst-free-estia-24-lb-124006/124006",
            "https://shop.kimelo.com//sku/cheese-feta-in-brine-pail-2-8-lb-124284/124284",
            "https://shop.kimelo.com//sku/cheese-provolone-sliced-8-15-lb-103601/103601",
            "https://shop.kimelo.com//sku/cheese-feta-french-pail-valbreso-18-lb-avg-123797/123797",
            "https://shop.kimelo.com//sku/cheese-mozzarella-fresh-loaf-thin-slice-61-lb-112545/112545",
            "https://shop.kimelo.com//sku/cheese-mozzarella-fresh-loaf-sliced-61-lb-123535/123535",
            "https://shop.kimelo.com//sku/cheese-feta-sheepgoat-imported-ziria-14-kg-124111/124111",
            "https://shop.kimelo.com//sku/cheese-goat-chefs-chevre-tub-2-4-lb-103638/103638"
        ]
    },
    {
        "product_detail_url": "https://shop.kimelo.com/sku/cheese-indian-paneer-bulk-fresh-loaf-4-109240/109240",
        "image_url": "https://d3tlizm80tjdt4.cloudfront.net/image/14820/image/sm-d0fbe266cac5dbbfe601de287ad60344.png",
        "product_name": "Cheese, Indian Paneer Bulk Fresh Loaf (4) 109240",
        "product_code_from_url": "109240",
        "brand": "Royal Mahout",
        "price": "$20.58",
        "unit_price": "$4.12/lb",
        "status": "IN STOCK",
        "product_name_detail": "Cheese, Indian Paneer Bulk Fresh Loaf (4) 109240",
        "brand_supplier_detail": "Royal Mahout",
        "categories": "Cheese / Specialty Cheese",
        "detail_page_main_image_url": "https://d3tlizm80tjdt4.cloudfront.net/image/14820/image/lg-614fb1478363509b54cab7a588cad291.png",
        "detail_page_main_image_alt": "Cheese, Indian Paneer Bulk Fresh Loaf (4) 109240",
        "detail_page_thumbnail_images": [
            {
                "url": "https://d3tlizm80tjdt4.cloudfront.net/image/14820/image/sm-d0fbe266cac5dbbfe601de287ad60344.png",
                "alt": "Cheese, Indian Paneer Bulk Fresh Loaf (4) 109240"
            },
            {
                "url": "https://d3tlizm80tjdt4.cloudfront.net/image/13821/image/sm-650582e6594da277fcb3f8b881528025.png",
                "alt": "Cheese, Indian Paneer Bulk Fresh Loaf (4) 109240"
            }
        ],
        "sku": "109240",
        "upc": "109240",
        "quantity_package_info": "4 Eaches",
        "dimensions": "L 1\" x W 1\" x H 1\"",
        "weight": "5.25 lbs",
        "table_caption": "Product information or packaging displayed may not be current or complete. *Actual weight may vary based on seasonality and other factors.",
        "proposition_65_warning": "Warning: This product can expose you to chemicals including arsenic, which is known to the State of California to cause cancer. For more information, go to www.P65Warnings.ca.gov",
        "related_products": [],
        "other_like_products": [
            "https://shop.kimelo.com//sku/cheese-ricotta-4-5lb-108718/108718",
            "https://shop.kimelo.com//sku/cheese-mozzarella-fresh-ovoline-galbani-23-lb-123382/123382",
            "https://shop.kimelo.com//sku/cheese-goat-chefs-chevre-tub-2-4-lb-103638/103638",
            "https://shop.kimelo.com//sku/cheese-feta-crumbles-president-25-lb-123341/123341",
            "https://shop.kimelo.com//sku/cheese-mozzarella-fresh-loaf-sliced-61-lb-123535/123535",
            "https://shop.kimelo.com//sku/cheese-mozzarella-wmlm-feather-shred-nb-45-lb-124254/124254",
            "https://shop.kimelo.com//sku/cheese-queso-fresco-casero-bulk-12-lbs-112596/112596",
            "https://shop.kimelo.com//sku/cheese-mascarpone-tub-belgioioso-4-5-lb-107599/107599",
            "https://shop.kimelo.com//sku/cheese-mozzarella-fresh-loaf-thin-slice-61-lb-112545/112545",
            "https://shop.kimelo.com//sku/cheese-ricotta-4-5lb-108718/108718",
            "https://shop.kimelo.com//sku/cheese-mozzarella-fresh-ovoline-galbani-23-lb-123382/123382",
            "https://shop.kimelo.com//sku/cheese-goat-chefs-chevre-tub-2-4-lb-103638/103638",
            "https://shop.kimelo.com//sku/cheese-feta-crumbles-president-25-lb-123341/123341",
            "https://shop.kimelo.com//sku/cheese-mozzarella-fresh-loaf-sliced-61-lb-123535/123535",
            "https://shop.kimelo.com//sku/cheese-mozzarella-wmlm-feather-shred-nb-45-lb-124254/124254",
            "https://shop.kimelo.com//sku/cheese-queso-fresco-casero-bulk-12-lbs-112596/112596",
            "https://shop.kimelo.com//sku/cheese-mascarpone-tub-belgioioso-4-5-lb-107599/107599",
            "https://shop.kimelo.com//sku/cheese-mozzarella-fresh-loaf-thin-slice-61-lb-112545/112545",
            "https://shop.kimelo.com//sku/cheese-ricotta-4-5lb-108718/108718",
            "https://shop.kimelo.com//sku/cheese-mozzarella-fresh-ovoline-galbani-23-lb-123382/123382",
            "https://shop.kimelo.com//sku/cheese-goat-chefs-chevre-tub-2-4-lb-103638/103638",
            "https://shop.kimelo.com//sku/cheese-feta-crumbles-president-25-lb-123341/123341",
            "https://shop.kimelo.com//sku/cheese-mozzarella-fresh-loaf-sliced-61-lb-123535/123535",
            "https://shop.kimelo.com//sku/cheese-mozzarella-wmlm-feather-shred-nb-45-lb-124254/124254"
        ]
    },
    {
        "product_detail_url": "https://shop.kimelo.com/sku/cheese-provolone-sliced-8-15-lb-103601/103601",
        "image_url": "https://d3tlizm80tjdt4.cloudfront.net/image/8966/image/sm-0ad8abe6c7be4ec1371aa99b8a1fe80d.jpeg",
        "product_name": "Cheese, Provolone, Sliced, (8) 1.5 Lb - 103601",
        "product_code_from_url": "103601",
        "brand": "California Select Farms",
        "price": "$6.58",
        "unit_price": "$4.39/lb",
        "status": "IN STOCK",
        "product_name_detail": "Cheese, Provolone, Sliced, (8) 1.5 Lb",
        "item_number_from_name": "103601",
        "brand_supplier_detail": "California Select Farms",
        "categories": "Cheese / Sliced Cheese",
        "detail_page_main_image_url": "https://d3tlizm80tjdt4.cloudfront.net/image/8966/image/lg-ec412db8ab6b94cd1d06428f14a9f92c.jpeg",
        "detail_page_main_image_alt": "Cheese, Provolone, Sliced, (8) 1.5 Lb - 103601",
        "detail_page_thumbnail_images": [
            {
                "url": "https://d3tlizm80tjdt4.cloudfront.net/image/8966/image/sm-0ad8abe6c7be4ec1371aa99b8a1fe80d.jpeg",
                "alt": "Cheese, Provolone, Sliced, (8) 1.5 Lb - 103601"
            },
            {
                "url": "https://d3tlizm80tjdt4.cloudfront.net/image/13531/image/sm-ae2f39087df7cbc9782ef2cc89adff7f.png",
                "alt": "Cheese, Provolone, Sliced, (8) 1.5 Lb - 103601"
            }
        ],
        "sku": "103601",
        "upc": "103601",
        "quantity_package_info": "8 Eaches",
        "dimensions": "L 1\" x W 1\" x H 1\"",
        "weight": "1.5 lbs",
        "table_caption": "Product information or packaging displayed may not be current or complete. *Actual weight may vary based on seasonality and other factors.",
        "proposition_65_warning": "Warning: This product can expose you to chemicals including arsenic, which is known to the State of California to cause cancer. For more information, go to www.P65Warnings.ca.gov",
        "related_products": [],
        "other_like_products": [
            "https://shop.kimelo.com//sku/cheese-kefalotyri-hard-wheel-greek-import-18-lb-avg-124125/124125",
            "https://shop.kimelo.com//sku/cheese-pepper-jack-loaf-8-103672/103672",
            "https://shop.kimelo.com//sku/cheese-paneer-gopi-1514-oz-124005/124005",
            "https://shop.kimelo.com//sku/cheese-parmesan-shaved-4-5-lb-106816/106816",
            "https://shop.kimelo.com//sku/cheese-jack-pepper-sliced-8-15-lb-124829/124829",
            "https://shop.kimelo.com//sku/cheese-pecorino-romano-14-lb-124109/124109",
            "https://shop.kimelo.com//sku/cheese-gruyere-imported-loaf-2-5-lb-108978/108978",
            "https://shop.kimelo.com//sku/cheese-mascarpone-tub-belgioioso-4-5-lb-107599/107599",
            "https://shop.kimelo.com//sku/cheese-swiss-sliced-8-15-lb-103602/103602",
            "https://shop.kimelo.com//sku/cheese-halloumi-tradition-greek-import-4088-oz-124144/124144",
            "https://shop.kimelo.com//sku/cheese-american-120-slice-yellow-4-5-lb-103674/103674",
            "https://shop.kimelo.com//sku/cheese-swiss-sliced-processed-120-ct-4-5-lb-100014/100014",
            "https://shop.kimelo.com//sku/cheese-monterey-jack-sliced-8-15-lb-103599/103599",
            "https://shop.kimelo.com//sku/cheese-cheddar-mild-sliced-8-103600/103600",
            "https://shop.kimelo.com//sku/cheese-cream-loaf-philadelphia-6-3-lb-103663/103663",
            "https://shop.kimelo.com//sku/cheese-kefalotyri-hard-wheel-greek-import-18-lb-avg-124125/124125",
            "https://shop.kimelo.com//sku/cheese-pepper-jack-loaf-8-103672/103672",
            "https://shop.kimelo.com//sku/cheese-paneer-gopi-1514-oz-124005/124005",
            "https://shop.kimelo.com//sku/cheese-parmesan-shaved-4-5-lb-106816/106816",
            "https://shop.kimelo.com//sku/cheese-jack-pepper-sliced-8-15-lb-124829/124829",
            "https://shop.kimelo.com//sku/cheese-pecorino-romano-14-lb-124109/124109",
            "https://shop.kimelo.com//sku/cheese-gruyere-imported-loaf-2-5-lb-108978/108978",
            "https://shop.kimelo.com//sku/cheese-mascarpone-tub-belgioioso-4-5-lb-107599/107599",
            "https://shop.kimelo.com//sku/cheese-swiss-sliced-8-15-lb-103602/103602",
            "https://shop.kimelo.com//sku/cheese-halloumi-tradition-greek-import-4088-oz-124144/124144",
            "https://shop.kimelo.com//sku/cheese-american-120-slice-yellow-4-5-lb-103674/103674",
            "https://shop.kimelo.com//sku/cheese-swiss-sliced-processed-120-ct-4-5-lb-100014/100014",
            "https://shop.kimelo.com//sku/cheese-monterey-jack-sliced-8-15-lb-103599/103599",
            "https://shop.kimelo.com//sku/cheese-cheddar-mild-sliced-8-103600/103600",
            "https://shop.kimelo.com//sku/cheese-cream-loaf-philadelphia-6-3-lb-103663/103663",
            "https://shop.kimelo.com//sku/cheese-kefalotyri-hard-wheel-greek-import-18-lb-avg-124125/124125",
            "https://shop.kimelo.com//sku/cheese-pepper-jack-loaf-8-103672/103672",
            "https://shop.kimelo.com//sku/cheese-paneer-gopi-1514-oz-124005/124005",
            "https://shop.kimelo.com//sku/cheese-parmesan-shaved-4-5-lb-106816/106816",
            "https://shop.kimelo.com//sku/cheese-jack-pepper-sliced-8-15-lb-124829/124829",
            "https://shop.kimelo.com//sku/cheese-pecorino-romano-14-lb-124109/124109"
        ]
    },
    {
        "product_detail_url": "https://shop.kimelo.com/sku/cheese-paneer-gopi-45-lb/374574",
        "image_url": "https://d3tlizm80tjdt4.cloudfront.net/remote_images/image/10816/small/2048920d241626bd3bad46e85780c82aa9ba11b23f92f26222.jpg",
        "product_name": "Cheese, Paneer, Gopi, 4/5 Lb",
        "product_code_from_url": "374574",
        "brand": "Gopi",
        "price": "$75.10",
        "unit_price": "$3.76/Lb",
        "status": "IN STOCK",
        "product_name_detail": "Cheese, Paneer, Gopi, 4/5 Lb",
        "brand_supplier_detail": "Gopi",
        "categories": "Cheese / Sliced Cheese",
        "detail_page_main_image_url": "https://d3tlizm80tjdt4.cloudfront.net/remote_images/image/10816/large/3c94f5044eafd3ac072f370531a05c7ec9b910c8ebf7d8fc1c.jpg",
        "detail_page_main_image_alt": "Cheese, Paneer, Gopi, 4/5 Lb",
        "detail_page_thumbnail_images": [
            {
                "url": "https://d3tlizm80tjdt4.cloudfront.net/remote_images/image/10816/small/2048920d241626bd3bad46e85780c82aa9ba11b23f92f26222.jpg",
                "alt": "Cheese, Paneer, Gopi, 4/5 Lb"
            }
        ],
        "sku": "374574",
        "upc": "374574",
        "quantity_package_info": "1 Item",
        "dimensions": "L 1\" x W 1\" x H 1\"",
        "weight": "20 lbs",
        "table_caption": "Product information or packaging displayed may not be current or complete. *Actual weight may vary based on seasonality and other factors.",
        "proposition_65_warning": "Warning: This product can expose you to chemicals including arsenic, which is known to the State of California to cause cancer. For more information, go to www.P65Warnings.ca.gov",
        "related_products": [],
        "other_like_products": [
            "https://shop.kimelo.com//sku/cheese-swiss-sliced-processed-120-ct-4-5-lb-100014/100014",
            "https://shop.kimelo.com//sku/cheese-pecorino-romano-14-lb-124109/124109",
            "https://shop.kimelo.com//sku/cheese-cheddar-sharp-white-10-lb-111680/111680",
            "https://shop.kimelo.com//sku/cheese-swiss-sliced-8-15-lb-103602/103602",
            "https://shop.kimelo.com//sku/cheese-gruyere-imported-loaf-2-5-lb-108978/108978",
            "https://shop.kimelo.com//sku/cheese-jack-pepper-sliced-8-15-lb-124829/124829",
            "https://shop.kimelo.com//sku/cheese-halloumi-tradition-greek-import-4088-oz-124144/124144",
            "https://shop.kimelo.com//sku/cheese-paneer-gopi-1514-oz-124005/124005",
            "https://shop.kimelo.com//sku/cheese-american-120-slice-yellow-4-5-lb-103674/103674",
            "https://shop.kimelo.com//sku/cheese-swiss-sliced-processed-120-ct-4-5-lb-100014/100014",
            "https://shop.kimelo.com//sku/cheese-pecorino-romano-14-lb-124109/124109",
            "https://shop.kimelo.com//sku/cheese-cheddar-sharp-white-10-lb-111680/111680",
            "https://shop.kimelo.com//sku/cheese-swiss-sliced-8-15-lb-103602/103602",
            "https://shop.kimelo.com//sku/cheese-gruyere-imported-loaf-2-5-lb-108978/108978",
            "https://shop.kimelo.com//sku/cheese-jack-pepper-sliced-8-15-lb-124829/124829",
            "https://shop.kimelo.com//sku/cheese-halloumi-tradition-greek-import-4088-oz-124144/124144",
            "https://shop.kimelo.com//sku/cheese-paneer-gopi-1514-oz-124005/124005",
            "https://shop.kimelo.com//sku/cheese-american-120-slice-yellow-4-5-lb-103674/103674",
            "https://shop.kimelo.com//sku/cheese-swiss-sliced-processed-120-ct-4-5-lb-100014/100014",
            "https://shop.kimelo.com//sku/cheese-pecorino-romano-14-lb-124109/124109",
            "https://shop.kimelo.com//sku/cheese-cheddar-sharp-white-10-lb-111680/111680",
            "https://shop.kimelo.com//sku/cheese-swiss-sliced-8-15-lb-103602/103602",
            "https://shop.kimelo.com//sku/cheese-gruyere-imported-loaf-2-5-lb-108978/108978",
            "https://shop.kimelo.com//sku/cheese-jack-pepper-sliced-8-15-lb-124829/124829"
        ]
    },
    {
        "product_detail_url": "https://shop.kimelo.com/sku/cheese-mozzarella-wmlm-loaf-professionale-85-lb-125731/125731",
        "image_url": "https://d3tlizm80tjdt4.cloudfront.net/remote_images/image/7215/small/0a7da17fd94fe5c52868137e402c2fb20947dba2f4b452a049.jpg",
        "product_name": "Cheese, Mozzarella, Wmlm, Loaf, Professionale, 8/5 Lb 125731",
        "product_code_from_url": "125731",
        "brand": "Galbani",
        "price": "$98.20",
        "unit_price": "$2.46/lb",
        "status": "IN STOCK",
        "product_name_detail": "Cheese, Mozzarella, Wmlm, Loaf, Professionale, 8/5 Lb 125731",
        "brand_supplier_detail": "Galbani",
        "categories": "Cheese / Cheese Loaf",
        "detail_page_main_image_url": "https://d3tlizm80tjdt4.cloudfront.net/remote_images/image/7215/large/8e3a538ac779eb6afea42d92e46a2a63a1e5ecb4527ff1b238.jpg",
        "detail_page_main_image_alt": "Cheese, Mozzarella, Wmlm, Loaf, Professionale, 8/5 Lb 125731",
        "detail_page_thumbnail_images": [
            {
                "url": "https://d3tlizm80tjdt4.cloudfront.net/remote_images/image/7215/small/0a7da17fd94fe5c52868137e402c2fb20947dba2f4b452a049.jpg",
                "alt": "Cheese, Mozzarella, Wmlm, Loaf, Professionale, 8/5 Lb 125731"
            },
            {
                "url": "https://d3tlizm80tjdt4.cloudfront.net/remote_images/image/7711/small/98449d9e2b7395c71eea2dfabcd07b4b9e2ade7f6e52357a69.jpg",
                "alt": "Cheese, Mozzarella, Wmlm, Loaf, Professionale, 8/5 Lb 125731"
            }
        ],
        "sku": "125731",
        "upc": "125731",
        "quantity_package_info": "1 Item",
        "dimensions": "L 1\" x W 1\" x H 1\"",
        "weight": "40 lbs",
        "table_caption": "Product information or packaging displayed may not be current or complete. *Actual weight may vary based on seasonality and other factors.",
        "proposition_65_warning": "Warning: This product can expose you to chemicals including arsenic, which is known to the State of California to cause cancer. For more information, go to www.P65Warnings.ca.gov",
        "related_products": [],
        "other_like_products": []
    },
    {
        "product_detail_url": "https://shop.kimelo.com/sku/cheese-feta-rbst-free-estia-24-lb-124006/124006",
        "image_url": "https://d3tlizm80tjdt4.cloudfront.net/remote_images/image/2271/small/7de5ff58f2fa420e59ed1a97ee95b035b5f2ecaaba98eada2b.jpg",
        "product_name": "Cheese, Feta, Rbst Free, Estia, 24 Lb 124006",
        "product_code_from_url": "124006",
        "brand": "Estia",
        "price": "$110.02",
        "unit_price": "$4.58/lb",
        "status": "IN STOCK",
        "product_name_detail": "Cheese, Feta, Rbst Free, Estia, 24 Lb 124006",
        "brand_supplier_detail": "Estia",
        "categories": "Cheese / Specialty Cheese",
        "detail_page_main_image_url": "https://d3tlizm80tjdt4.cloudfront.net/remote_images/image/2271/large/79a278b0bb043cafc23eebbc712c9a5ee92757d63112278306.jpg",
        "detail_page_main_image_alt": "Cheese, Feta, Rbst Free, Estia, 24 Lb 124006",
        "detail_page_thumbnail_images": [
            {
                "url": "https://d3tlizm80tjdt4.cloudfront.net/remote_images/image/2271/small/7de5ff58f2fa420e59ed1a97ee95b035b5f2ecaaba98eada2b.jpg",
                "alt": "Cheese, Feta, Rbst Free, Estia, 24 Lb 124006"
            }
        ],
        "sku": "124006",
        "upc": "124006",
        "quantity_package_info": "1 Item",
        "dimensions": "L 1\" x W 1\" x H 1\"",
        "weight": "24 lbs",
        "table_caption": "Product information or packaging displayed may not be current or complete. *Actual weight may vary based on seasonality and other factors.",
        "proposition_65_warning": "Warning: This product can expose you to chemicals including arsenic, which is known to the State of California to cause cancer. For more information, go to www.P65Warnings.ca.gov",
        "related_products": [
            "https://shop.kimelo.com//sku/cheese-feta-french-pail-valbreso-18-lb-avg-123797/123797",
            "https://shop.kimelo.com//sku/cheese-feta-bulgarian-in-brine-17-kg-106845/106845"
        ],
        "other_like_products": [
            "https://shop.kimelo.com//sku/cheese-mozzarella-fresh-loaf-thin-slice-61-lb-112545/112545",
            "https://shop.kimelo.com//sku/cheese-feta-in-brine-pail-2-8-lb-124284/124284",
            "https://shop.kimelo.com//sku/cheese-goat-chefs-chevre-tub-2-4-lb-103638/103638",
            "https://shop.kimelo.com//sku/cheese-mozzarella-fresh-loaf-sliced-61-lb-123535/123535",
            "https://shop.kimelo.com//sku/cheese-ricotta-4-5lb-108718/108718",
            "https://shop.kimelo.com//sku/cheese-feta-sheepgoat-imported-ziria-14-kg-124111/124111",
            "https://shop.kimelo.com//sku/cheese-mascarpone-tub-belgioioso-4-5-lb-107599/107599",
            "https://shop.kimelo.com//sku/cheese-mozzarella-fresh-ovoline-galbani-23-lb-123382/123382",
            "https://shop.kimelo.com//sku/cheese-feta-crumbles-president-25-lb-123341/123341",
            "https://shop.kimelo.com//sku/cheese-queso-fresco-casero-bulk-12-lbs-112596/112596",
            "https://shop.kimelo.com//sku/cheese-feta-french-pail-valbreso-18-lb-avg-123797/123797",
            "https://shop.kimelo.com//sku/cheese-mozzarella-fresh-loaf-thin-slice-61-lb-112545/112545",
            "https://shop.kimelo.com//sku/cheese-feta-in-brine-pail-2-8-lb-124284/124284",
            "https://shop.kimelo.com//sku/cheese-goat-chefs-chevre-tub-2-4-lb-103638/103638",
            "https://shop.kimelo.com//sku/cheese-mozzarella-fresh-loaf-sliced-61-lb-123535/123535",
            "https://shop.kimelo.com//sku/cheese-ricotta-4-5lb-108718/108718",
            "https://shop.kimelo.com//sku/cheese-feta-sheepgoat-imported-ziria-14-kg-124111/124111",
            "https://shop.kimelo.com//sku/cheese-mascarpone-tub-belgioioso-4-5-lb-107599/107599",
            "https://shop.kimelo.com//sku/cheese-mozzarella-fresh-ovoline-galbani-23-lb-123382/123382",
            "https://shop.kimelo.com//sku/cheese-feta-crumbles-president-25-lb-123341/123341",
            "https://shop.kimelo.com//sku/cheese-queso-fresco-casero-bulk-12-lbs-112596/112596",
            "https://shop.kimelo.com//sku/cheese-feta-french-pail-valbreso-18-lb-avg-123797/123797",
            "https://shop.kimelo.com//sku/cheese-mozzarella-fresh-loaf-thin-slice-61-lb-112545/112545",
            "https://shop.kimelo.com//sku/cheese-feta-in-brine-pail-2-8-lb-124284/124284",
            "https://shop.kimelo.com//sku/cheese-goat-chefs-chevre-tub-2-4-lb-103638/103638",
            "https://shop.kimelo.com//sku/cheese-mozzarella-fresh-loaf-sliced-61-lb-123535/123535",
            "https://shop.kimelo.com//sku/cheese-ricotta-4-5lb-108718/108718",
            "https://shop.kimelo.com//sku/cheese-feta-sheepgoat-imported-ziria-14-kg-124111/124111"
        ]
    },
    {
        "product_detail_url": "https://shop.kimelo.com/sku/cheese-gorgonzola-crumbles-86464-2-5-lb-107598/107598",
        "image_url": "https://d3tlizm80tjdt4.cloudfront.net/image/5982/image/sm-9aa3ae766c94f5a2fcc8f244a97460de.jpg",
        "product_name": "Cheese, Gorgonzola, Crumbles, 86464, (2) 5 Lb - 107598",
        "product_code_from_url": "107598",
        "brand": "Belgioioso",
        "price": "$24.53",
        "unit_price": "$4.91/lb",
        "status": "IN STOCK",
        "product_name_detail": "Cheese, Gorgonzola, Crumbles, 86464, (2) 5 Lb",
        "item_number_from_name": "107598",
        "brand_supplier_detail": "Belgioioso",
        "categories": "Cheese / Crumbled, Cubed, Grated, Shaved",
        "detail_page_main_image_url": "https://d3tlizm80tjdt4.cloudfront.net/image/5982/image/lg-62a9aa53da1f956602baf419abdce8ba.jpg",
        "detail_page_main_image_alt": "Cheese, Gorgonzola, Crumbles, 86464, (2) 5 Lb - 107598",
        "detail_page_thumbnail_images": [
            {
                "url": "https://d3tlizm80tjdt4.cloudfront.net/image/5982/image/sm-9aa3ae766c94f5a2fcc8f244a97460de.jpg",
                "alt": "Cheese, Gorgonzola, Crumbles, 86464, (2) 5 Lb - 107598"
            },
            {
                "url": "https://d3tlizm80tjdt4.cloudfront.net/image/5983/image/sm-8762cc632e245f4af8d15df5fda8ba63.jpg",
                "alt": "Cheese, Gorgonzola, Crumbles, 86464, (2) 5 Lb - 107598"
            }
        ],
        "sku": "107598",
        "upc": "107598",
        "quantity_package_info": "2 Eaches",
        "dimensions": "L 1\" x W 1\" x H 1\"",
        "weight": "5 lbs",
        "table_caption": "Product information or packaging displayed may not be current or complete. *Actual weight may vary based on seasonality and other factors.",
        "proposition_65_warning": "Warning: This product can expose you to chemicals including arsenic, which is known to the State of California to cause cancer. For more information, go to www.P65Warnings.ca.gov",
        "related_products": [],
        "other_like_products": []
    },
    {
        "product_detail_url": "https://shop.kimelo.com/sku/cheese-feta-crumbles-president-25-lb-123341/123341",
        "image_url": "https://d3tlizm80tjdt4.cloudfront.net/image/17447/image/sm-b7f1d5ebed658c7a48b315af49bb5e0d.png",
        "product_name": "Cheese, Feta, Crumbles, President, 2/5 Lb - 123341",
        "product_code_from_url": "123341",
        "brand": "President",
        "price": "$44.11",
        "unit_price": "$4.41/lb",
        "status": "IN STOCK",
        "product_name_detail": "Cheese, Feta, Crumbles, President, 2/5 Lb",
        "item_number_from_name": "123341",
        "brand_supplier_detail": "President",
        "categories": "Cheese / Specialty Cheese",
        "detail_page_main_image_url": "https://d3tlizm80tjdt4.cloudfront.net/image/17447/image/lg-dad46048fe0fc55a136499ac171b2554.png",
        "detail_page_main_image_alt": "Cheese, Feta, Crumbles, President, 2/5 Lb - 123341",
        "detail_page_thumbnail_images": [
            {
                "url": "https://d3tlizm80tjdt4.cloudfront.net/image/17447/image/sm-b7f1d5ebed658c7a48b315af49bb5e0d.png",
                "alt": "Cheese, Feta, Crumbles, President, 2/5 Lb - 123341"
            }
        ],
        "sku": "123341",
        "upc": "123341",
        "quantity_package_info": "1 Item",
        "dimensions": "L 1\" x W 1\" x H 1\"",
        "weight": "10 lbs",
        "table_caption": "Product information or packaging displayed may not be current or complete. *Actual weight may vary based on seasonality and other factors.",
        "proposition_65_warning": "Warning: This product can expose you to chemicals including arsenic, which is known to the State of California to cause cancer. For more information, go to www.P65Warnings.ca.gov",
        "related_products": [
            "https://shop.kimelo.com//sku/cheese-feta-french-pail-valbreso-18-lb-avg-123797/123797",
            "https://shop.kimelo.com//sku/cheese-feta-rbst-free-estia-24-lb-124006/124006"
        ],
        "other_like_products": [
            "https://shop.kimelo.com//sku/cheese-queso-fresco-casero-bulk-12-lbs-112596/112596",
            "https://shop.kimelo.com//sku/cheese-feta-in-brine-pail-2-8-lb-124284/124284",
            "https://shop.kimelo.com//sku/cheese-feta-french-pail-valbreso-18-lb-avg-123797/123797",
            "https://shop.kimelo.com//sku/cheese-feta-rbst-free-estia-24-lb-124006/124006",
            "https://shop.kimelo.com//sku/cheese-goat-crumbled-22-lb-123365/123365",
            "https://shop.kimelo.com//sku/cheese-mozzarella-fresh-ovoline-galbani-23-lb-123382/123382",
            "https://shop.kimelo.com//sku/cheese-mascarpone-tub-belgioioso-4-5-lb-107599/107599",
            "https://shop.kimelo.com//sku/cheese-feta-sheepgoat-imported-ziria-14-kg-124111/124111",
            "https://shop.kimelo.com//sku/cheese-queso-fresco-casero-bulk-12-lbs-112596/112596",
            "https://shop.kimelo.com//sku/cheese-feta-in-brine-pail-2-8-lb-124284/124284",
            "https://shop.kimelo.com//sku/cheese-feta-french-pail-valbreso-18-lb-avg-123797/123797",
            "https://shop.kimelo.com//sku/cheese-feta-rbst-free-estia-24-lb-124006/124006",
            "https://shop.kimelo.com//sku/cheese-goat-crumbled-22-lb-123365/123365",
            "https://shop.kimelo.com//sku/cheese-mozzarella-fresh-ovoline-galbani-23-lb-123382/123382",
            "https://shop.kimelo.com//sku/cheese-mascarpone-tub-belgioioso-4-5-lb-107599/107599",
            "https://shop.kimelo.com//sku/cheese-feta-sheepgoat-imported-ziria-14-kg-124111/124111",
            "https://shop.kimelo.com//sku/cheese-queso-fresco-casero-bulk-12-lbs-112596/112596",
            "https://shop.kimelo.com//sku/cheese-feta-in-brine-pail-2-8-lb-124284/124284",
            "https://shop.kimelo.com//sku/cheese-feta-french-pail-valbreso-18-lb-avg-123797/123797",
            "https://shop.kimelo.com//sku/cheese-feta-rbst-free-estia-24-lb-124006/124006",
            "https://shop.kimelo.com//sku/cheese-goat-crumbled-22-lb-123365/123365",
            "https://shop.kimelo.com//sku/cheese-mozzarella-fresh-ovoline-galbani-23-lb-123382/123382"
        ]
    },
    {
        "product_detail_url": "https://shop.kimelo.com/sku/cheese-mozzarella-fresh-loaf-sliced-61-lb-123535/123535",
        "image_url": "https://d3tlizm80tjdt4.cloudfront.net/remote_images/image/1088/small/e9d4570a644a2ae0665f696c669bff43b9d6ccd681d0ebc349.jpg",
        "product_name": "Cheese, Mozzarella, Fresh, Loaf, Sliced, 6/1 Lb - 123535",
        "product_code_from_url": "123535",
        "brand": "Galbani",
        "price": "$38.68",
        "unit_price": "$6.45/lb",
        "status": "IN STOCK",
        "product_name_detail": "Cheese, Mozzarella, Fresh, Loaf, Sliced, 6/1 Lb",
        "item_number_from_name": "123535",
        "brand_supplier_detail": "Galbani",
        "categories": "Cheese / Cheese Loaf",
        "detail_page_main_image_url": "https://d3tlizm80tjdt4.cloudfront.net/remote_images/image/1088/large/c0df5ca042123710ef35ffe90fc7f45701e403fe8f928226a7.jpg",
        "detail_page_main_image_alt": "Cheese, Mozzarella, Fresh, Loaf, Sliced, 6/1 Lb - 123535",
        "detail_page_thumbnail_images": [
            {
                "url": "https://d3tlizm80tjdt4.cloudfront.net/remote_images/image/1088/small/e9d4570a644a2ae0665f696c669bff43b9d6ccd681d0ebc349.jpg",
                "alt": "Cheese, Mozzarella, Fresh, Loaf, Sliced, 6/1 Lb - 123535"
            }
        ],
        "sku": "123535",
        "upc": "123535",
        "quantity_package_info": "1 Item",
        "dimensions": "L 1\" x W 1\" x H 1\"",
        "weight": "6 lbs",
        "table_caption": "Product information or packaging displayed may not be current or complete. *Actual weight may vary based on seasonality and other factors.",
        "proposition_65_warning": "Warning: This product can expose you to chemicals including arsenic, which is known to the State of California to cause cancer. For more information, go to www.P65Warnings.ca.gov",
        "related_products": [
            "https://shop.kimelo.com//sku/cheese-mozzarella-fresh-ovoline-galbani-23-lb-123382/123382",
            "https://shop.kimelo.com//sku/cheese-mozzarella-fresh-loaf-thin-slice-61-lb-112545/112545"
        ],
        "other_like_products": []
    },
    {
        "product_detail_url": "https://shop.kimelo.com/sku/cheese-monterey-jack-shredded-fancy-4-5-lb-108930/108930",
        "image_url": "https://d3tlizm80tjdt4.cloudfront.net/image/7273/image/sm-77f3fe57315491b5b760f3c783c2ce89.jpg",
        "product_name": "Cheese, Monterey Jack, Shredded, Fancy, (4) 5 Lb - 108930",
        "product_code_from_url": "108930",
        "brand": "Cheswick",
        "price": "$16.26",
        "unit_price": "$3.25/lb",
        "status": "IN STOCK",
        "product_name_detail": "Cheese, Monterey Jack, Shredded, Fancy, (4) 5 Lb",
        "item_number_from_name": "108930",
        "brand_supplier_detail": "Cheswick",
        "categories": "Cheese / Shredded Cheese",
        "detail_page_main_image_url": "https://d3tlizm80tjdt4.cloudfront.net/image/7273/image/lg-4d088d5bc6e1ad3b9c8c1a90750d588d.jpg",
        "detail_page_main_image_alt": "Cheese, Monterey Jack, Shredded, Fancy, (4) 5 Lb - 108930",
        "detail_page_thumbnail_images": [
            {
                "url": "https://d3tlizm80tjdt4.cloudfront.net/image/7273/image/sm-77f3fe57315491b5b760f3c783c2ce89.jpg",
                "alt": "Cheese, Monterey Jack, Shredded, Fancy, (4) 5 Lb - 108930"
            },
            {
                "url": "https://d3tlizm80tjdt4.cloudfront.net/image/7274/image/sm-fa023a323e08698aa6db85871aeac420.jpg",
                "alt": "Cheese, Monterey Jack, Shredded, Fancy, (4) 5 Lb - 108930"
            }
        ],
        "sku": "108930",
        "upc": "108930",
        "quantity_package_info": "4 Eaches",
        "dimensions": "L 1\" x W 1\" x H 1\"",
        "weight": "5 lbs",
        "table_caption": "Product information or packaging displayed may not be current or complete. *Actual weight may vary based on seasonality and other factors.",
        "proposition_65_warning": "Warning: This product can expose you to chemicals including arsenic, which is known to the State of California to cause cancer. For more information, go to www.P65Warnings.ca.gov",
        "related_products": [
            "https://shop.kimelo.com//sku/cheese-monterey-jack-block-40-lb-avg-103562/103562",
            "https://shop.kimelo.com//sku/cheese-monterey-jack-sliced-8-15-lb-103599/103599"
        ],
        "other_like_products": [
            "https://shop.kimelo.com//sku/cheese-monterey-jack-loaf-2-5-lb-107600/107600",
            "https://shop.kimelo.com//sku/cheese-cheddar-mild-sliced-8-103600/103600",
            "https://shop.kimelo.com//sku/cheese-cheddar-medium-loaf-2-5lb-106815/106815",
            "https://shop.kimelo.com//sku/cheese-cheddar-mild-loaf-8-5-lb-103670/103670",
            "https://shop.kimelo.com//sku/cheese-cheddar-sharp-slcd-interleaf-075-oz-8-103603/103603",
            "https://shop.kimelo.com//sku/butter-solids-european-unsalted-36-1-lb-103494/103494",
            "https://shop.kimelo.com//sku/cheese-swiss-sliced-8-15-lb-103602/103602",
            "https://shop.kimelo.com//sku/cheese-monterey-jack-block-40-lb-avg-103562/103562",
            "https://shop.kimelo.com//sku/cheese-pepper-jack-loaf-8-103672/103672",
            "https://shop.kimelo.com//sku/cheese-blend-mozz-wm-ps-premio-shred-65-lb-112492/112492",
            "https://shop.kimelo.com//sku/cheese-asiago-shredded-6-5-lb-111711/111711",
            "https://shop.kimelo.com//sku/cheese-monterey-jack-sliced-8-15-lb-103599/103599",
            "https://shop.kimelo.com//sku/cheese-parmesan-shaved-4-5-lb-106816/106816",
            "https://shop.kimelo.com//sku/cheese-provolone-sliced-8-15-lb-103601/103601",
            "https://shop.kimelo.com//sku/cheese-5-blend-moz-wmlmlmpsprovparmroma-65-lb-123784/123784",
            "https://shop.kimelo.com//sku/cheese-pepperjack-feather-shred-45-lb-123794/123794",
            "https://shop.kimelo.com//sku/cheese-shredded-jack-cheddar-blend-fancy-4-5-lb-103664/103664",
            "https://shop.kimelo.com//sku/cheese-cheddar-shredded-fancy-mild-4-106832/106832",
            "https://shop.kimelo.com//sku/cheese-monterey-jack-loaf-2-5-lb-107600/107600",
            "https://shop.kimelo.com//sku/cheese-cheddar-mild-sliced-8-103600/103600",
            "https://shop.kimelo.com//sku/cheese-cheddar-medium-loaf-2-5lb-106815/106815",
            "https://shop.kimelo.com//sku/cheese-cheddar-mild-loaf-8-5-lb-103670/103670",
            "https://shop.kimelo.com//sku/cheese-cheddar-sharp-slcd-interleaf-075-oz-8-103603/103603",
            "https://shop.kimelo.com//sku/butter-solids-european-unsalted-36-1-lb-103494/103494",
            "https://shop.kimelo.com//sku/cheese-swiss-sliced-8-15-lb-103602/103602",
            "https://shop.kimelo.com//sku/cheese-monterey-jack-block-40-lb-avg-103562/103562",
            "https://shop.kimelo.com//sku/cheese-pepper-jack-loaf-8-103672/103672",
            "https://shop.kimelo.com//sku/cheese-blend-mozz-wm-ps-premio-shred-65-lb-112492/112492",
            "https://shop.kimelo.com//sku/cheese-asiago-shredded-6-5-lb-111711/111711",
            "https://shop.kimelo.com//sku/cheese-monterey-jack-sliced-8-15-lb-103599/103599",
            "https://shop.kimelo.com//sku/cheese-parmesan-shaved-4-5-lb-106816/106816",
            "https://shop.kimelo.com//sku/cheese-provolone-sliced-8-15-lb-103601/103601",
            "https://shop.kimelo.com//sku/cheese-5-blend-moz-wmlmlmpsprovparmroma-65-lb-123784/123784",
            "https://shop.kimelo.com//sku/cheese-pepperjack-feather-shred-45-lb-123794/123794",
            "https://shop.kimelo.com//sku/cheese-shredded-jack-cheddar-blend-fancy-4-5-lb-103664/103664",
            "https://shop.kimelo.com//sku/cheese-cheddar-shredded-fancy-mild-4-106832/106832",
            "https://shop.kimelo.com//sku/cheese-monterey-jack-loaf-2-5-lb-107600/107600",
            "https://shop.kimelo.com//sku/cheese-cheddar-mild-sliced-8-103600/103600",
            "https://shop.kimelo.com//sku/cheese-cheddar-medium-loaf-2-5lb-106815/106815",
            "https://shop.kimelo.com//sku/cheese-cheddar-mild-loaf-8-5-lb-103670/103670",
            "https://shop.kimelo.com//sku/cheese-cheddar-sharp-slcd-interleaf-075-oz-8-103603/103603",
            "https://shop.kimelo.com//sku/butter-solids-european-unsalted-36-1-lb-103494/103494"
        ]
    },
    {
        "product_detail_url": "https://shop.kimelo.com/sku/cheese-monterey-jack-shredded-feather-45-lb-125786/125786",
        "image_url": "https://d3tlizm80tjdt4.cloudfront.net/remote_images/image/7236/small/e06462a3ca2ee281ec7fdc39e2aecc73c78ebcb6f4d822cc2b.jpg",
        "product_name": "Cheese, Monterey Jack, Shredded, Feather, 4/5 Lb 125786",
        "product_code_from_url": "125786",
        "brand": "Packer",
        "price": "$53.01",
        "unit_price": "$2.65/lb",
        "status": "IN STOCK",
        "product_name_detail": "Cheese, Monterey Jack, Shredded, Feather, 4/5 Lb 125786",
        "brand_supplier_detail": "Packer",
        "categories": "Cheese / Sliced Cheese",
        "detail_page_main_image_url": "https://d3tlizm80tjdt4.cloudfront.net/remote_images/image/7236/large/afafc0740b42bdcbb1f8e0b79e7b2392c6e301a7ce897ba563.jpg",
        "detail_page_main_image_alt": "Cheese, Monterey Jack, Shredded, Feather, 4/5 Lb 125786",
        "detail_page_thumbnail_images": [
            {
                "url": "https://d3tlizm80tjdt4.cloudfront.net/remote_images/image/7236/small/e06462a3ca2ee281ec7fdc39e2aecc73c78ebcb6f4d822cc2b.jpg",
                "alt": "Cheese, Monterey Jack, Shredded, Feather, 4/5 Lb 125786"
            },
            {
                "url": "https://d3tlizm80tjdt4.cloudfront.net/remote_images/image/7241/small/c70ac30661b7378e20f15c03444e4cfbf27c1e5fdec5e5b3cb.jpg",
                "alt": "Cheese, Monterey Jack, Shredded, Feather, 4/5 Lb 125786"
            }
        ],
        "sku": "125786",
        "upc": "125786",
        "quantity_package_info": "1 Item",
        "dimensions": "L 1\" x W 1\" x H 1\"",
        "weight": "20 lbs",
        "table_caption": "Product information or packaging displayed may not be current or complete. *Actual weight may vary based on seasonality and other factors.",
        "proposition_65_warning": "Warning: This product can expose you to chemicals including arsenic, which is known to the State of California to cause cancer. For more information, go to www.P65Warnings.ca.gov",
        "related_products": [],
        "other_like_products": [
            "https://shop.kimelo.com//sku/cheese-american-120-slice-yellow-4-5-lb-103674/103674",
            "https://shop.kimelo.com//sku/cheese-pecorino-romano-14-lb-124109/124109",
            "https://shop.kimelo.com//sku/cheese-jack-pepper-sliced-8-15-lb-124829/124829",
            "https://shop.kimelo.com//sku/cheese-swiss-sliced-8-15-lb-103602/103602",
            "https://shop.kimelo.com//sku/cheese-cheddar-sharp-white-10-lb-111680/111680",
            "https://shop.kimelo.com//sku/cheese-monterey-jack-sliced-8-15-lb-103599/103599",
            "https://shop.kimelo.com//sku/cheese-halloumi-tradition-greek-import-4088-oz-124144/124144",
            "https://shop.kimelo.com//sku/cheese-swiss-sliced-processed-120-ct-4-5-lb-100014/100014",
            "https://shop.kimelo.com//sku/cheese-paneer-gopi-1514-oz-124005/124005",
            "https://shop.kimelo.com//sku/cheese-american-120-slice-yellow-4-5-lb-103674/103674",
            "https://shop.kimelo.com//sku/cheese-pecorino-romano-14-lb-124109/124109",
            "https://shop.kimelo.com//sku/cheese-jack-pepper-sliced-8-15-lb-124829/124829",
            "https://shop.kimelo.com//sku/cheese-swiss-sliced-8-15-lb-103602/103602",
            "https://shop.kimelo.com//sku/cheese-cheddar-sharp-white-10-lb-111680/111680",
            "https://shop.kimelo.com//sku/cheese-monterey-jack-sliced-8-15-lb-103599/103599",
            "https://shop.kimelo.com//sku/cheese-halloumi-tradition-greek-import-4088-oz-124144/124144",
            "https://shop.kimelo.com//sku/cheese-swiss-sliced-processed-120-ct-4-5-lb-100014/100014",
            "https://shop.kimelo.com//sku/cheese-paneer-gopi-1514-oz-124005/124005",
            "https://shop.kimelo.com//sku/cheese-american-120-slice-yellow-4-5-lb-103674/103674",
            "https://shop.kimelo.com//sku/cheese-pecorino-romano-14-lb-124109/124109",
            "https://shop.kimelo.com//sku/cheese-jack-pepper-sliced-8-15-lb-124829/124829",
            "https://shop.kimelo.com//sku/cheese-swiss-sliced-8-15-lb-103602/103602",
            "https://shop.kimelo.com//sku/cheese-cheddar-sharp-white-10-lb-111680/111680",
            "https://shop.kimelo.com//sku/cheese-monterey-jack-sliced-8-15-lb-103599/103599"
        ]
    },
    {
        "product_detail_url": "https://shop.kimelo.com/sku/cheese-goat-crumbled-22-lb-123365/123365",
        "image_url": "https://d3tlizm80tjdt4.cloudfront.net/remote_images/image/1031/small/1eadcc43f580efc477560afb62f337d4bfeb222e8f63032220.jpg",
        "product_name": "Cheese, Goat, Crumbled, 2/2 Lb - 123365",
        "product_code_from_url": "123365",
        "brand": "President",
        "price": "$33.40",
        "unit_price": "$8.35/lb",
        "status": "IN STOCK",
        "product_name_detail": "Cheese, Goat, Crumbled, 2/2 Lb",
        "item_number_from_name": "123365",
        "brand_supplier_detail": "President",
        "categories": "Cheese / Specialty Cheese",
        "detail_page_main_image_url": "https://d3tlizm80tjdt4.cloudfront.net/remote_images/image/1031/large/387516d4abcf37b7ca3ef82e69e206b82fc547d556e5108c90.jpg",
        "detail_page_main_image_alt": "Cheese, Goat, Crumbled, 2/2 Lb - 123365",
        "detail_page_thumbnail_images": [
            {
                "url": "https://d3tlizm80tjdt4.cloudfront.net/remote_images/image/1031/small/1eadcc43f580efc477560afb62f337d4bfeb222e8f63032220.jpg",
                "alt": "Cheese, Goat, Crumbled, 2/2 Lb - 123365"
            }
        ],
        "sku": "123365",
        "upc": "123365",
        "quantity_package_info": "1 Item",
        "dimensions": "L 1\" x W 1\" x H 1\"",
        "weight": "4 lbs",
        "table_caption": "Product information or packaging displayed may not be current or complete. *Actual weight may vary based on seasonality and other factors.",
        "proposition_65_warning": "Warning: This product can expose you to chemicals including arsenic, which is known to the State of California to cause cancer. For more information, go to www.P65Warnings.ca.gov",
        "related_products": [
            "https://shop.kimelo.com//sku/cheese-goat-chefs-chevre-tub-2-4-lb-103638/103638"
        ],
        "other_like_products": [
            "https://shop.kimelo.com//sku/cheese-feta-in-brine-pail-2-8-lb-124284/124284",
            "https://shop.kimelo.com//sku/cheese-feta-sheepgoat-imported-ziria-14-kg-124111/124111",
            "https://shop.kimelo.com//sku/cheese-mascarpone-tub-belgioioso-4-5-lb-107599/107599",
            "https://shop.kimelo.com//sku/cheese-mozzarella-fresh-loaf-sliced-61-lb-123535/123535",
            "https://shop.kimelo.com//sku/cheese-feta-rbst-free-estia-24-lb-124006/124006",
            "https://shop.kimelo.com//sku/cheese-queso-fresco-casero-bulk-12-lbs-112596/112596",
            "https://shop.kimelo.com//sku/cheese-feta-crumbles-president-25-lb-123341/123341",
            "https://shop.kimelo.com//sku/cheese-feta-in-brine-pail-2-8-lb-124284/124284",
            "https://shop.kimelo.com//sku/cheese-feta-sheepgoat-imported-ziria-14-kg-124111/124111",
            "https://shop.kimelo.com//sku/cheese-mascarpone-tub-belgioioso-4-5-lb-107599/107599",
            "https://shop.kimelo.com//sku/cheese-mozzarella-fresh-loaf-sliced-61-lb-123535/123535",
            "https://shop.kimelo.com//sku/cheese-feta-rbst-free-estia-24-lb-124006/124006",
            "https://shop.kimelo.com//sku/cheese-queso-fresco-casero-bulk-12-lbs-112596/112596",
            "https://shop.kimelo.com//sku/cheese-feta-crumbles-president-25-lb-123341/123341",
            "https://shop.kimelo.com//sku/cheese-feta-in-brine-pail-2-8-lb-124284/124284",
            "https://shop.kimelo.com//sku/cheese-feta-sheepgoat-imported-ziria-14-kg-124111/124111",
            "https://shop.kimelo.com//sku/cheese-mascarpone-tub-belgioioso-4-5-lb-107599/107599",
            "https://shop.kimelo.com//sku/cheese-mozzarella-fresh-loaf-sliced-61-lb-123535/123535",
            "https://shop.kimelo.com//sku/cheese-feta-rbst-free-estia-24-lb-124006/124006",
            "https://shop.kimelo.com//sku/cheese-queso-fresco-casero-bulk-12-lbs-112596/112596"
        ]
    },
    {
        "product_detail_url": "https://shop.kimelo.com/sku/cheese-goat-chefs-chevre-tub-2-4-lb-103638/103638",
        "image_url": "https://d3tlizm80tjdt4.cloudfront.net/remote_images/image/7584/small/b039cbd43e667de1a64536054485d5b35e81ec59d3181edf0f.jpg",
        "product_name": "Cheese, Goat, Chefs, Chevre, Tub, (2) 4 Lb - 103638",
        "product_code_from_url": "103638",
        "brand": "Laura Chenel",
        "price": "$37.66",
        "unit_price": "$9.42/lb",
        "status": "IN STOCK",
        "product_name_detail": "Cheese, Goat, Chefs, Chevre, Tub, (2) 4 Lb",
        "item_number_from_name": "103638",
        "brand_supplier_detail": "Laura Chenel",
        "categories": "Cheese / Specialty Cheese",
        "detail_page_main_image_url": "https://d3tlizm80tjdt4.cloudfront.net/remote_images/image/7584/large/5b9e93bbef2346a56d1a208ca661d2515f787cc473465853f6.jpg",
        "detail_page_main_image_alt": "Cheese, Goat, Chefs, Chevre, Tub, (2) 4 Lb - 103638",
        "detail_page_thumbnail_images": [
            {
                "url": "https://d3tlizm80tjdt4.cloudfront.net/remote_images/image/7584/small/b039cbd43e667de1a64536054485d5b35e81ec59d3181edf0f.jpg",
                "alt": "Cheese, Goat, Chefs, Chevre, Tub, (2) 4 Lb - 103638"
            }
        ],
        "sku": "103638",
        "upc": "103638",
        "quantity_package_info": "2 Eaches",
        "dimensions": "L 1\" x W 1\" x H 1\"",
        "weight": "4 lbs",
        "table_caption": "Product information or packaging displayed may not be current or complete. *Actual weight may vary based on seasonality and other factors.",
        "proposition_65_warning": "Warning: This product can expose you to chemicals including arsenic, which is known to the State of California to cause cancer. For more information, go to www.P65Warnings.ca.gov",
        "related_products": [
            "https://shop.kimelo.com//sku/cheese-goat-crumbled-22-lb-123365/123365"
        ],
        "other_like_products": [
            "https://shop.kimelo.com//sku/butter-unsalted-sheets-isigny-non-aop-1022-lb-123665/123665",
            "https://shop.kimelo.com//sku/cheese-queso-fresco-casero-bulk-12-lbs-112596/112596",
            "https://shop.kimelo.com//sku/cheese-feta-in-brine-pail-2-8-lb-124284/124284",
            "https://shop.kimelo.com//sku/cheese-feta-rbst-free-estia-24-lb-124006/124006",
            "https://shop.kimelo.com//sku/cheese-goat-crumbled-22-lb-123365/123365",
            "https://shop.kimelo.com//sku/cheese-feta-sheepgoat-imported-ziria-14-kg-124111/124111",
            "https://shop.kimelo.com//sku/cheese-mascarpone-tub-belgioioso-4-5-lb-107599/107599",
            "https://shop.kimelo.com//sku/cheese-feta-crumbles-president-25-lb-123341/123341",
            "https://shop.kimelo.com//sku/butter-unsalted-sheets-isigny-non-aop-1022-lb-123665/123665",
            "https://shop.kimelo.com//sku/cheese-queso-fresco-casero-bulk-12-lbs-112596/112596",
            "https://shop.kimelo.com//sku/cheese-feta-in-brine-pail-2-8-lb-124284/124284",
            "https://shop.kimelo.com//sku/cheese-feta-rbst-free-estia-24-lb-124006/124006",
            "https://shop.kimelo.com//sku/cheese-goat-crumbled-22-lb-123365/123365",
            "https://shop.kimelo.com//sku/cheese-feta-sheepgoat-imported-ziria-14-kg-124111/124111",
            "https://shop.kimelo.com//sku/cheese-mascarpone-tub-belgioioso-4-5-lb-107599/107599",
            "https://shop.kimelo.com//sku/cheese-feta-crumbles-president-25-lb-123341/123341",
            "https://shop.kimelo.com//sku/butter-unsalted-sheets-isigny-non-aop-1022-lb-123665/123665",
            "https://shop.kimelo.com//sku/cheese-queso-fresco-casero-bulk-12-lbs-112596/112596",
            "https://shop.kimelo.com//sku/cheese-feta-in-brine-pail-2-8-lb-124284/124284",
            "https://shop.kimelo.com//sku/cheese-feta-rbst-free-estia-24-lb-124006/124006",
            "https://shop.kimelo.com//sku/cheese-goat-crumbled-22-lb-123365/123365",
            "https://shop.kimelo.com//sku/cheese-feta-sheepgoat-imported-ziria-14-kg-124111/124111"
        ]
    },
    {
        "product_detail_url": "https://shop.kimelo.com/sku/cheese-cream-bulk-30-lb-103662/103662",
        "image_url": "https://d3tlizm80tjdt4.cloudfront.net/remote_images/image/7674/small/d6f2f5e1dcdf0874f7bfedc969aead3f8aa0af8033196b2d75.jpg",
        "product_name": "Cheese, Cream, Bulk, 30 Lb - 103662",
        "product_code_from_url": "103662",
        "brand": "Packer",
        "price": "$70.05",
        "unit_price": "$2.34/lb",
        "status": "IN STOCK",
        "product_name_detail": "Cheese, Cream, Bulk, 30 Lb",
        "item_number_from_name": "103662",
        "brand_supplier_detail": "Packer",
        "categories": "Cheese / Cream Cheese",
        "detail_page_main_image_url": "https://d3tlizm80tjdt4.cloudfront.net/remote_images/image/7674/large/98e19ce5d68df60afef90499d09ce9de94dd08f8df11ecafbd.jpg",
        "detail_page_main_image_alt": "Cheese, Cream, Bulk, 30 Lb - 103662",
        "detail_page_thumbnail_images": [
            {
                "url": "https://d3tlizm80tjdt4.cloudfront.net/remote_images/image/7674/small/d6f2f5e1dcdf0874f7bfedc969aead3f8aa0af8033196b2d75.jpg",
                "alt": "Cheese, Cream, Bulk, 30 Lb - 103662"
            },
            {
                "url": "https://d3tlizm80tjdt4.cloudfront.net/image/6409/image/sm-f7a04a05168dc605a36e0baca9fc3090.jpg",
                "alt": "Cheese, Cream, Bulk, 30 Lb - 103662"
            }
        ],
        "sku": "103662",
        "upc": "103662",
        "quantity_package_info": "1 Item",
        "dimensions": "L 1\" x W 1\" x H 1\"",
        "weight": "30.98 lbs",
        "table_caption": "Product information or packaging displayed may not be current or complete. *Actual weight may vary based on seasonality and other factors.",
        "proposition_65_warning": "Warning: This product can expose you to chemicals including arsenic, which is known to the State of California to cause cancer. For more information, go to www.P65Warnings.ca.gov",
        "related_products": [
            "https://shop.kimelo.com//sku/cheese-cream-loaf-philadelphia-6-3-lb-103663/103663",
            "https://shop.kimelo.com//sku/cheese-cream-loaf-103-lb-112699/112699"
        ],
        "other_like_products": [
            "https://shop.kimelo.com//sku/cheese-cheddar-medium-loaf-2-5lb-106815/106815",
            "https://shop.kimelo.com//sku/cheese-cream-loaf-103-lb-112699/112699",
            "https://shop.kimelo.com//sku/cheese-provolone-sliced-8-15-lb-103601/103601",
            "https://shop.kimelo.com//sku/cheese-cheddar-mild-loaf-8-5-lb-103670/103670",
            "https://shop.kimelo.com//sku/cheese-cheddar-shredded-fancy-mild-4-106832/106832",
            "https://shop.kimelo.com//sku/cheese-cheddar-sharp-slcd-interleaf-075-oz-8-103603/103603",
            "https://shop.kimelo.com//sku/cheese-cream-loaf-philadelphia-6-3-lb-103663/103663",
            "https://shop.kimelo.com//sku/cheese-gruyere-imported-loaf-2-5-lb-108978/108978",
            "https://shop.kimelo.com//sku/cheese-cheddar-mild-sliced-8-103600/103600",
            "https://shop.kimelo.com//sku/cheese-cheddar-medium-loaf-2-5lb-106815/106815",
            "https://shop.kimelo.com//sku/cheese-cream-loaf-103-lb-112699/112699",
            "https://shop.kimelo.com//sku/cheese-provolone-sliced-8-15-lb-103601/103601",
            "https://shop.kimelo.com//sku/cheese-cheddar-mild-loaf-8-5-lb-103670/103670",
            "https://shop.kimelo.com//sku/cheese-cheddar-shredded-fancy-mild-4-106832/106832",
            "https://shop.kimelo.com//sku/cheese-cheddar-sharp-slcd-interleaf-075-oz-8-103603/103603",
            "https://shop.kimelo.com//sku/cheese-cream-loaf-philadelphia-6-3-lb-103663/103663",
            "https://shop.kimelo.com//sku/cheese-gruyere-imported-loaf-2-5-lb-108978/108978",
            "https://shop.kimelo.com//sku/cheese-cheddar-mild-sliced-8-103600/103600",
            "https://shop.kimelo.com//sku/cheese-cheddar-medium-loaf-2-5lb-106815/106815",
            "https://shop.kimelo.com//sku/cheese-cream-loaf-103-lb-112699/112699",
            "https://shop.kimelo.com//sku/cheese-provolone-sliced-8-15-lb-103601/103601",
            "https://shop.kimelo.com//sku/cheese-cheddar-mild-loaf-8-5-lb-103670/103670",
            "https://shop.kimelo.com//sku/cheese-cheddar-shredded-fancy-mild-4-106832/106832",
            "https://shop.kimelo.com//sku/cheese-cheddar-sharp-slcd-interleaf-075-oz-8-103603/103603"
        ]
    },
    {
        "product_detail_url": "https://shop.kimelo.com/sku/cheese-paneer-gopi-1514-oz-124005/124005",
        "image_url": "https://d3tlizm80tjdt4.cloudfront.net/remote_images/image/1912/small/f31c646bfa3f07281c27762b126aee2f792632f3d44342335b.jpg",
        "product_name": "Cheese, Paneer, Gopi, 15/14 Oz 124005",
        "product_code_from_url": "124005",
        "brand": "Gopi",
        "price": "$94.00",
        "unit_price": "$7.23/lb",
        "status": "IN STOCK",
        "product_name_detail": "Cheese, Paneer, Gopi, 15/14 Oz 124005",
        "brand_supplier_detail": "Gopi",
        "categories": "Cheese / Sliced Cheese",
        "detail_page_main_image_url": "https://d3tlizm80tjdt4.cloudfront.net/remote_images/image/1912/large/9fedfa86856f694495ffc5c66e8e7694fce7af752bf83412da.jpg",
        "detail_page_main_image_alt": "Cheese, Paneer, Gopi, 15/14 Oz 124005",
        "detail_page_thumbnail_images": [
            {
                "url": "https://d3tlizm80tjdt4.cloudfront.net/remote_images/image/1912/small/f31c646bfa3f07281c27762b126aee2f792632f3d44342335b.jpg",
                "alt": "Cheese, Paneer, Gopi, 15/14 Oz 124005"
            }
        ],
        "sku": "124005",
        "upc": "124005",
        "quantity_package_info": "1 Item",
        "dimensions": "L 1\" x W 1\" x H 1\"",
        "weight": "13.12 lbs",
        "table_caption": "Product information or packaging displayed may not be current or complete. *Actual weight may vary based on seasonality and other factors.",
        "proposition_65_warning": "Warning: This product can expose you to chemicals including arsenic, which is known to the State of California to cause cancer. For more information, go to www.P65Warnings.ca.gov",
        "related_products": [],
        "other_like_products": [
            "https://shop.kimelo.com//sku/cheese-swiss-sliced-processed-120-ct-4-5-lb-100014/100014",
            "https://shop.kimelo.com//sku/cheese-pecorino-romano-14-lb-124109/124109",
            "https://shop.kimelo.com//sku/cheese-swiss-sliced-8-15-lb-103602/103602",
            "https://shop.kimelo.com//sku/cheese-monterey-jack-block-40-lb-avg-103562/103562",
            "https://shop.kimelo.com//sku/cheese-cheddar-medium-loaf-2-5lb-106815/106815",
            "https://shop.kimelo.com//sku/cheese-provolone-sliced-8-15-lb-103601/103601",
            "https://shop.kimelo.com//sku/cheese-halloumi-tradition-greek-import-4088-oz-124144/124144",
            "https://shop.kimelo.com//sku/cheese-gruyere-imported-loaf-2-5-lb-108978/108978",
            "https://shop.kimelo.com//sku/cheese-american-120-slice-yellow-4-5-lb-103674/103674",
            "https://shop.kimelo.com//sku/cheese-swiss-sliced-processed-120-ct-4-5-lb-100014/100014",
            "https://shop.kimelo.com//sku/cheese-pecorino-romano-14-lb-124109/124109",
            "https://shop.kimelo.com//sku/cheese-swiss-sliced-8-15-lb-103602/103602",
            "https://shop.kimelo.com//sku/cheese-monterey-jack-block-40-lb-avg-103562/103562",
            "https://shop.kimelo.com//sku/cheese-cheddar-medium-loaf-2-5lb-106815/106815",
            "https://shop.kimelo.com//sku/cheese-provolone-sliced-8-15-lb-103601/103601",
            "https://shop.kimelo.com//sku/cheese-halloumi-tradition-greek-import-4088-oz-124144/124144",
            "https://shop.kimelo.com//sku/cheese-gruyere-imported-loaf-2-5-lb-108978/108978",
            "https://shop.kimelo.com//sku/cheese-american-120-slice-yellow-4-5-lb-103674/103674",
            "https://shop.kimelo.com//sku/cheese-swiss-sliced-processed-120-ct-4-5-lb-100014/100014",
            "https://shop.kimelo.com//sku/cheese-pecorino-romano-14-lb-124109/124109",
            "https://shop.kimelo.com//sku/cheese-swiss-sliced-8-15-lb-103602/103602",
            "https://shop.kimelo.com//sku/cheese-monterey-jack-block-40-lb-avg-103562/103562",
            "https://shop.kimelo.com//sku/cheese-cheddar-medium-loaf-2-5lb-106815/106815",
            "https://shop.kimelo.com//sku/cheese-provolone-sliced-8-15-lb-103601/103601"
        ]
    },
    {
        "product_detail_url": "https://shop.kimelo.com/sku/cheese-swiss-loaf-grade-a-8-lb-avg-6/374191",
        "image_url": "https://d3tlizm80tjdt4.cloudfront.net/remote_images/image/8356/small/aff0b27efbbacc48d63e4ae9d5ec402d6b6afe2ad94847dca5.jpg",
        "product_name": "Cheese, Swiss, Loaf, Grade A, 8 Lb Avg (6)",
        "product_code_from_url": "374191",
        "brand": "Pacific Cheese",
        "price": "$33.60",
        "unit_price": "$33.60/Lb",
        "status": "IN STOCK",
        "product_name_detail": "Cheese, Swiss, Loaf, Grade A, 8 Lb Avg (6)",
        "brand_supplier_detail": "Pacific Cheese",
        "categories": "Cheese / Sliced Cheese",
        "detail_page_main_image_url": "https://d3tlizm80tjdt4.cloudfront.net/remote_images/image/8356/large/805ab09df93ab924067435aecae84999d56a5a44168dbf2c14.jpg",
        "detail_page_main_image_alt": "Cheese, Swiss, Loaf, Grade A, 8 Lb Avg (6)",
        "detail_page_thumbnail_images": [
            {
                "url": "https://d3tlizm80tjdt4.cloudfront.net/remote_images/image/8356/small/aff0b27efbbacc48d63e4ae9d5ec402d6b6afe2ad94847dca5.jpg",
                "alt": "Cheese, Swiss, Loaf, Grade A, 8 Lb Avg (6)"
            }
        ],
        "sku": "374191",
        "upc": "374191",
        "quantity_package_info": "6 Eaches",
        "dimensions": "L 1\" x W 1\" x H 1\"",
        "weight": "48 lbs",
        "table_caption": "Product information or packaging displayed may not be current or complete. *Actual weight may vary based on seasonality and other factors.",
        "proposition_65_warning": "Warning: This product can expose you to chemicals including arsenic, which is known to the State of California to cause cancer. For more information, go to www.P65Warnings.ca.gov",
        "related_products": [],
        "other_like_products": [
            "https://shop.kimelo.com//sku/cheese-swiss-sliced-processed-120-ct-4-5-lb-100014/100014",
            "https://shop.kimelo.com//sku/cheese-american-120-slice-yellow-4-5-lb-103674/103674",
            "https://shop.kimelo.com//sku/cheese-gruyere-imported-loaf-2-5-lb-108978/108978",
            "https://shop.kimelo.com//sku/cheese-cheddar-sharp-white-10-lb-111680/111680",
            "https://shop.kimelo.com//sku/cheese-swiss-sliced-8-15-lb-103602/103602",
            "https://shop.kimelo.com//sku/cheese-jack-pepper-sliced-8-15-lb-124829/124829",
            "https://shop.kimelo.com//sku/cheese-paneer-gopi-1514-oz-124005/124005",
            "https://shop.kimelo.com//sku/cheese-halloumi-tradition-greek-import-4088-oz-124144/124144",
            "https://shop.kimelo.com//sku/cheese-pecorino-romano-14-lb-124109/124109",
            "https://shop.kimelo.com//sku/cheese-swiss-sliced-processed-120-ct-4-5-lb-100014/100014",
            "https://shop.kimelo.com//sku/cheese-american-120-slice-yellow-4-5-lb-103674/103674",
            "https://shop.kimelo.com//sku/cheese-gruyere-imported-loaf-2-5-lb-108978/108978",
            "https://shop.kimelo.com//sku/cheese-cheddar-sharp-white-10-lb-111680/111680",
            "https://shop.kimelo.com//sku/cheese-swiss-sliced-8-15-lb-103602/103602",
            "https://shop.kimelo.com//sku/cheese-jack-pepper-sliced-8-15-lb-124829/124829",
            "https://shop.kimelo.com//sku/cheese-paneer-gopi-1514-oz-124005/124005",
            "https://shop.kimelo.com//sku/cheese-halloumi-tradition-greek-import-4088-oz-124144/124144",
            "https://shop.kimelo.com//sku/cheese-pecorino-romano-14-lb-124109/124109",
            "https://shop.kimelo.com//sku/cheese-swiss-sliced-processed-120-ct-4-5-lb-100014/100014",
            "https://shop.kimelo.com//sku/cheese-american-120-slice-yellow-4-5-lb-103674/103674",
            "https://shop.kimelo.com//sku/cheese-gruyere-imported-loaf-2-5-lb-108978/108978",
            "https://shop.kimelo.com//sku/cheese-cheddar-sharp-white-10-lb-111680/111680",
            "https://shop.kimelo.com//sku/cheese-swiss-sliced-8-15-lb-103602/103602",
            "https://shop.kimelo.com//sku/cheese-jack-pepper-sliced-8-15-lb-124829/124829"
        ]
    },
    {
        "product_detail_url": "https://shop.kimelo.com/sku/cheese-pepper-jack-loaf-8-103672/103672",
        "image_url": "https://d3tlizm80tjdt4.cloudfront.net/image/15256/image/sm-6c299387672a8119d43997e98fcbcfc1.png",
        "product_name": "Cheese, Pepper Jack, Loaf (8) 103672",
        "product_code_from_url": "103672",
        "brand": "Cheswick",
        "price": "$17.47",
        "unit_price": "$3.49/lb",
        "status": "IN STOCK",
        "product_name_detail": "Cheese, Pepper Jack, Loaf (8) 103672",
        "brand_supplier_detail": "Cheswick",
        "categories": "Cheese / Cheese Loaf",
        "detail_page_main_image_url": "https://d3tlizm80tjdt4.cloudfront.net/image/15256/image/lg-a6cbf9283485b39396c0e641b8fc37e2.png",
        "detail_page_main_image_alt": "Cheese, Pepper Jack, Loaf (8) 103672",
        "detail_page_thumbnail_images": [
            {
                "url": "https://d3tlizm80tjdt4.cloudfront.net/image/15256/image/sm-6c299387672a8119d43997e98fcbcfc1.png",
                "alt": "Cheese, Pepper Jack, Loaf (8) 103672"
            },
            {
                "url": "https://d3tlizm80tjdt4.cloudfront.net/image/2240/image/sm-0e28dfb31e470fa64b2a2a3725ca747b.png",
                "alt": "Cheese, Pepper Jack, Loaf (8) 103672"
            }
        ],
        "sku": "103672",
        "upc": "103672",
        "quantity_package_info": "8 Eaches",
        "dimensions": "L 1\" x W 1\" x H 1\"",
        "weight": "5 lbs",
        "table_caption": "Product information or packaging displayed may not be current or complete. *Actual weight may vary based on seasonality and other factors.",
        "proposition_65_warning": "Warning: This product can expose you to chemicals including arsenic, which is known to the State of California to cause cancer. For more information, go to www.P65Warnings.ca.gov",
        "related_products": [
            "https://shop.kimelo.com//sku/cheese-monterey-jack-shredded-fancy-4-5-lb-108930/108930",
            "https://shop.kimelo.com//sku/cheese-pepperjack-feather-shred-45-lb-123794/123794",
            "https://shop.kimelo.com//sku/cheese-monterey-jack-loaf-2-5-lb-107600/107600",
            "https://shop.kimelo.com//sku/cheese-monterey-jack-shredded-fancy-4-5-lb-108930/108930",
            "https://shop.kimelo.com//sku/cheese-pepperjack-feather-shred-45-lb-123794/123794",
            "https://shop.kimelo.com//sku/cheese-monterey-jack-loaf-2-5-lb-107600/107600",
            "https://shop.kimelo.com//sku/cheese-monterey-jack-shredded-fancy-4-5-lb-108930/108930",
            "https://shop.kimelo.com//sku/cheese-pepperjack-feather-shred-45-lb-123794/123794"
        ],
        "other_like_products": [
            "https://shop.kimelo.com//sku/cheese-monterey-jack-shredded-fancy-4-5-lb-108930/108930",
            "https://shop.kimelo.com//sku/cheese-pepperjack-feather-shred-45-lb-123794/123794",
            "https://shop.kimelo.com//sku/cheese-monterey-jack-loaf-2-5-lb-107600/107600",
            "https://shop.kimelo.com//sku/cheese-monterey-jack-shredded-fancy-4-5-lb-108930/108930",
            "https://shop.kimelo.com//sku/cheese-pepperjack-feather-shred-45-lb-123794/123794",
            "https://shop.kimelo.com//sku/cheese-monterey-jack-loaf-2-5-lb-107600/107600",
            "https://shop.kimelo.com//sku/cheese-monterey-jack-shredded-fancy-4-5-lb-108930/108930",
            "https://shop.kimelo.com//sku/cheese-pepperjack-feather-shred-45-lb-123794/123794"
        ]
    },
    {
        "product_detail_url": "https://shop.kimelo.com/sku/cheese-shredded-jack-cheddar-blend-feather-45-lb-125787/125787",
        "image_url": "https://d3tlizm80tjdt4.cloudfront.net/remote_images/image/7242/small/45efa6a9c307f7f9d844c75f7ef87eab93a985461d20a81030.jpg",
        "product_name": "Cheese, Shredded, Jack & Cheddar Blend, Feather, 4/5 Lb 125787",
        "product_code_from_url": "125787",
        "brand": "Packer",
        "price": "$55.56",
        "unit_price": "$2.78/lb",
        "status": "IN STOCK",
        "product_name_detail": "Cheese, Shredded, Jack & Cheddar Blend, Feather, 4/5 Lb 125787",
        "brand_supplier_detail": "Packer",
        "categories": "Cheese / Shredded Cheese",
        "detail_page_main_image_url": "https://d3tlizm80tjdt4.cloudfront.net/remote_images/image/7242/large/cb0b69a4a14b7f3f47507d69d9c888cd2c167f84504cdf3786.jpg",
        "detail_page_main_image_alt": "Cheese, Shredded, Jack & Cheddar Blend, Feather, 4/5 Lb 125787",
        "detail_page_thumbnail_images": [
            {
                "url": "https://d3tlizm80tjdt4.cloudfront.net/remote_images/image/7242/small/45efa6a9c307f7f9d844c75f7ef87eab93a985461d20a81030.jpg",
                "alt": "Cheese, Shredded, Jack & Cheddar Blend, Feather, 4/5 Lb 125787"
            }
        ],
        "sku": "125787",
        "upc": "125787",
        "quantity_package_info": "1 Item",
        "dimensions": "L 1\" x W 1\" x H 1\"",
        "weight": "20 lbs",
        "table_caption": "Product information or packaging displayed may not be current or complete. *Actual weight may vary based on seasonality and other factors.",
        "proposition_65_warning": "Warning: This product can expose you to chemicals including arsenic, which is known to the State of California to cause cancer. For more information, go to www.P65Warnings.ca.gov",
        "related_products": [],
        "other_like_products": [
            "https://shop.kimelo.com//sku/cheese-asiago-shredded-6-5-lb-111711/111711",
            "https://shop.kimelo.com//sku/cheese-pepperjack-feather-shred-45-lb-123794/123794",
            "https://shop.kimelo.com//sku/cheese-blend-mozz-wm-ps-premio-shred-65-lb-112492/112492",
            "https://shop.kimelo.com//sku/cheese-shredded-jack-cheddar-blend-fancy-4-5-lb-103664/103664",
            "https://shop.kimelo.com//sku/cheese-cheddar-shredded-fancy-mild-4-106832/106832",
            "https://shop.kimelo.com//sku/cheese-monterey-jack-shredded-fancy-4-5-lb-108930/108930",
            "https://shop.kimelo.com//sku/cheese-5-blend-moz-wmlmlmpsprovparmroma-65-lb-123784/123784",
            "https://shop.kimelo.com//sku/cheese-asiago-shredded-6-5-lb-111711/111711",
            "https://shop.kimelo.com//sku/cheese-pepperjack-feather-shred-45-lb-123794/123794",
            "https://shop.kimelo.com//sku/cheese-blend-mozz-wm-ps-premio-shred-65-lb-112492/112492",
            "https://shop.kimelo.com//sku/cheese-shredded-jack-cheddar-blend-fancy-4-5-lb-103664/103664",
            "https://shop.kimelo.com//sku/cheese-cheddar-shredded-fancy-mild-4-106832/106832",
            "https://shop.kimelo.com//sku/cheese-monterey-jack-shredded-fancy-4-5-lb-108930/108930",
            "https://shop.kimelo.com//sku/cheese-5-blend-moz-wmlmlmpsprovparmroma-65-lb-123784/123784",
            "https://shop.kimelo.com//sku/cheese-asiago-shredded-6-5-lb-111711/111711",
            "https://shop.kimelo.com//sku/cheese-pepperjack-feather-shred-45-lb-123794/123794",
            "https://shop.kimelo.com//sku/cheese-blend-mozz-wm-ps-premio-shred-65-lb-112492/112492",
            "https://shop.kimelo.com//sku/cheese-shredded-jack-cheddar-blend-fancy-4-5-lb-103664/103664",
            "https://shop.kimelo.com//sku/cheese-cheddar-shredded-fancy-mild-4-106832/106832",
            "https://shop.kimelo.com//sku/cheese-monterey-jack-shredded-fancy-4-5-lb-108930/108930"
        ]
    },
    {
        "product_detail_url": "https://shop.kimelo.com/sku/cheese-swiss-sliced-8-15-lb-103602/103602",
        "image_url": "https://d3tlizm80tjdt4.cloudfront.net/image/8967/image/sm-e52f47ae6c00dd8381ee99b9ffda17dd.jpeg",
        "product_name": "Cheese, Swiss, Sliced, (8) 1.5 Lb - 103602",
        "product_code_from_url": "103602",
        "brand": "California Select Farms",
        "price": "$8.12",
        "unit_price": "$5.41/lb",
        "status": "IN STOCK",
        "product_name_detail": "Cheese, Swiss, Sliced, (8) 1.5 Lb",
        "item_number_from_name": "103602",
        "brand_supplier_detail": "California Select Farms",
        "categories": "Cheese / Sliced Cheese",
        "detail_page_main_image_url": "https://d3tlizm80tjdt4.cloudfront.net/image/8967/image/lg-d6e5cb0ed06261f3fb65d632b2b4d0b2.jpeg",
        "detail_page_main_image_alt": "Cheese, Swiss, Sliced, (8) 1.5 Lb - 103602",
        "detail_page_thumbnail_images": [
            {
                "url": "https://d3tlizm80tjdt4.cloudfront.net/image/8967/image/sm-e52f47ae6c00dd8381ee99b9ffda17dd.jpeg",
                "alt": "Cheese, Swiss, Sliced, (8) 1.5 Lb - 103602"
            }
        ],
        "sku": "103602",
        "upc": "103602",
        "quantity_package_info": "8 Eaches",
        "dimensions": "L 1\" x W 1\" x H 1\"",
        "weight": "1.5 lbs",
        "table_caption": "Product information or packaging displayed may not be current or complete. *Actual weight may vary based on seasonality and other factors.",
        "proposition_65_warning": "Warning: This product can expose you to chemicals including arsenic, which is known to the State of California to cause cancer. For more information, go to www.P65Warnings.ca.gov",
        "related_products": [],
        "other_like_products": [
            "https://shop.kimelo.com//sku/cheese-jack-pepper-sliced-8-15-lb-124829/124829",
            "https://shop.kimelo.com//sku/cheese-paneer-gopi-1514-oz-124005/124005",
            "https://shop.kimelo.com//sku/cheese-gruyere-imported-loaf-2-5-lb-108978/108978",
            "https://shop.kimelo.com//sku/cheese-pecorino-romano-14-lb-124109/124109",
            "https://shop.kimelo.com//sku/cheese-cream-loaf-philadelphia-6-3-lb-103663/103663",
            "https://shop.kimelo.com//sku/cheese-kefalotyri-hard-wheel-greek-import-18-lb-avg-124125/124125",
            "https://shop.kimelo.com//sku/cheese-swiss-sliced-processed-120-ct-4-5-lb-100014/100014",
            "https://shop.kimelo.com//sku/cheese-halloumi-tradition-greek-import-4088-oz-124144/124144",
            "https://shop.kimelo.com//sku/cheese-american-120-slice-yellow-4-5-lb-103674/103674",
            "https://shop.kimelo.com//sku/cheese-pepper-jack-loaf-8-103672/103672",
            "https://shop.kimelo.com//sku/cheese-monterey-jack-sliced-8-15-lb-103599/103599",
            "https://shop.kimelo.com//sku/cheese-provolone-sliced-8-15-lb-103601/103601",
            "https://shop.kimelo.com//sku/cheese-jack-pepper-sliced-8-15-lb-124829/124829",
            "https://shop.kimelo.com//sku/cheese-paneer-gopi-1514-oz-124005/124005",
            "https://shop.kimelo.com//sku/cheese-gruyere-imported-loaf-2-5-lb-108978/108978",
            "https://shop.kimelo.com//sku/cheese-pecorino-romano-14-lb-124109/124109",
            "https://shop.kimelo.com//sku/cheese-cream-loaf-philadelphia-6-3-lb-103663/103663",
            "https://shop.kimelo.com//sku/cheese-kefalotyri-hard-wheel-greek-import-18-lb-avg-124125/124125",
            "https://shop.kimelo.com//sku/cheese-swiss-sliced-processed-120-ct-4-5-lb-100014/100014",
            "https://shop.kimelo.com//sku/cheese-halloumi-tradition-greek-import-4088-oz-124144/124144",
            "https://shop.kimelo.com//sku/cheese-american-120-slice-yellow-4-5-lb-103674/103674",
            "https://shop.kimelo.com//sku/cheese-pepper-jack-loaf-8-103672/103672",
            "https://shop.kimelo.com//sku/cheese-monterey-jack-sliced-8-15-lb-103599/103599",
            "https://shop.kimelo.com//sku/cheese-provolone-sliced-8-15-lb-103601/103601",
            "https://shop.kimelo.com//sku/cheese-jack-pepper-sliced-8-15-lb-124829/124829",
            "https://shop.kimelo.com//sku/cheese-paneer-gopi-1514-oz-124005/124005",
            "https://shop.kimelo.com//sku/cheese-gruyere-imported-loaf-2-5-lb-108978/108978",
            "https://shop.kimelo.com//sku/cheese-pecorino-romano-14-lb-124109/124109",
            "https://shop.kimelo.com//sku/cheese-cream-loaf-philadelphia-6-3-lb-103663/103663",
            "https://shop.kimelo.com//sku/cheese-kefalotyri-hard-wheel-greek-import-18-lb-avg-124125/124125"
        ]
    },
    {
        "product_detail_url": "https://shop.kimelo.com/sku/cheese-cheddar-sharp-white-10-lb-111680/111680",
        "image_url": "https://d3tlizm80tjdt4.cloudfront.net/image/16001/image/sm-d62189f66ce8c51c9bbbd406104ca89e.png",
        "product_name": "Cheese, Cheddar, Sharp, White, 10 Lb - 111680",
        "product_code_from_url": "111680",
        "brand": "Hoffman`s",
        "price": "$41.88",
        "unit_price": "$4.19/lb",
        "status": "IN STOCK",
        "product_name_detail": "Cheese, Cheddar, Sharp, White, 10 Lb",
        "item_number_from_name": "111680",
        "brand_supplier_detail": "Hoffman`s",
        "categories": "Cheese / Sliced Cheese",
        "detail_page_main_image_url": "https://d3tlizm80tjdt4.cloudfront.net/image/16001/image/lg-e32066e2e100ee7ba8be29d89fdd602c.png",
        "detail_page_main_image_alt": "Cheese, Cheddar, Sharp, White, 10 Lb - 111680",
        "detail_page_thumbnail_images": [
            {
                "url": "https://d3tlizm80tjdt4.cloudfront.net/image/16001/image/sm-d62189f66ce8c51c9bbbd406104ca89e.png",
                "alt": "Cheese, Cheddar, Sharp, White, 10 Lb - 111680"
            },
            {
                "url": "https://d3tlizm80tjdt4.cloudfront.net/image/16002/image/sm-017dee8e2ba7d0a6a8ee1db2af46dec4.png",
                "alt": "Cheese, Cheddar, Sharp, White, 10 Lb - 111680"
            }
        ],
        "sku": "111680",
        "upc": "111680",
        "quantity_package_info": "1 Item",
        "dimensions": "L 1\" x W 1\" x H 1\"",
        "weight": "10 lbs",
        "table_caption": "Product information or packaging displayed may not be current or complete. *Actual weight may vary based on seasonality and other factors.",
        "proposition_65_warning": "Warning: This product can expose you to chemicals including arsenic, which is known to the State of California to cause cancer. For more information, go to www.P65Warnings.ca.gov",
        "related_products": [
            "https://shop.kimelo.com//sku/cheese-cheddar-mild-sliced-8-103600/103600",
            "https://shop.kimelo.com//sku/cheese-cheddar-medium-loaf-2-5lb-106815/106815"
        ],
        "other_like_products": [
            "https://shop.kimelo.com//sku/cheese-american-120-slice-yellow-4-5-lb-103674/103674",
            "https://shop.kimelo.com//sku/cheese-cheddar-mild-loaf-8-5-lb-103670/103670",
            "https://shop.kimelo.com//sku/cheese-cheddar-mild-sliced-8-103600/103600",
            "https://shop.kimelo.com//sku/cheese-swiss-sliced-8-15-lb-103602/103602",
            "https://shop.kimelo.com//sku/cheese-cheddar-medium-loaf-2-5lb-106815/106815",
            "https://shop.kimelo.com//sku/cheese-monterey-jack-block-40-lb-avg-103562/103562",
            "https://shop.kimelo.com//sku/cheese-halloumi-tradition-greek-import-4088-oz-124144/124144",
            "https://shop.kimelo.com//sku/cheese-gruyere-imported-loaf-2-5-lb-108978/108978",
            "https://shop.kimelo.com//sku/cheese-paneer-gopi-1514-oz-124005/124005",
            "https://shop.kimelo.com//sku/cheese-swiss-sliced-processed-120-ct-4-5-lb-100014/100014",
            "https://shop.kimelo.com//sku/cheese-pecorino-romano-14-lb-124109/124109",
            "https://shop.kimelo.com//sku/cheese-american-120-slice-yellow-4-5-lb-103674/103674",
            "https://shop.kimelo.com//sku/cheese-cheddar-mild-loaf-8-5-lb-103670/103670",
            "https://shop.kimelo.com//sku/cheese-cheddar-mild-sliced-8-103600/103600",
            "https://shop.kimelo.com//sku/cheese-swiss-sliced-8-15-lb-103602/103602",
            "https://shop.kimelo.com//sku/cheese-cheddar-medium-loaf-2-5lb-106815/106815",
            "https://shop.kimelo.com//sku/cheese-monterey-jack-block-40-lb-avg-103562/103562",
            "https://shop.kimelo.com//sku/cheese-halloumi-tradition-greek-import-4088-oz-124144/124144",
            "https://shop.kimelo.com//sku/cheese-gruyere-imported-loaf-2-5-lb-108978/108978",
            "https://shop.kimelo.com//sku/cheese-paneer-gopi-1514-oz-124005/124005",
            "https://shop.kimelo.com//sku/cheese-swiss-sliced-processed-120-ct-4-5-lb-100014/100014",
            "https://shop.kimelo.com//sku/cheese-pecorino-romano-14-lb-124109/124109",
            "https://shop.kimelo.com//sku/cheese-american-120-slice-yellow-4-5-lb-103674/103674",
            "https://shop.kimelo.com//sku/cheese-cheddar-mild-loaf-8-5-lb-103670/103670",
            "https://shop.kimelo.com//sku/cheese-cheddar-mild-sliced-8-103600/103600",
            "https://shop.kimelo.com//sku/cheese-swiss-sliced-8-15-lb-103602/103602",
            "https://shop.kimelo.com//sku/cheese-cheddar-medium-loaf-2-5lb-106815/106815",
            "https://shop.kimelo.com//sku/cheese-monterey-jack-block-40-lb-avg-103562/103562"
        ]
    },
    {
        "product_detail_url": "https://shop.kimelo.com/sku/cheese-feta-bulgarian-in-brine-17-kg-106845/106845",
        "image_url": "https://d3tlizm80tjdt4.cloudfront.net/image/6242/image/sm-9063431364cbcf7278cdde3f4d5f47fb.jpg",
        "product_name": "Cheese, Feta, Bulgarian, In Brine, 1/7 Kg - 106845",
        "product_code_from_url": "106845",
        "brand": "Atalanta",
        "price": "$72.00",
        "unit_price": "$4.80/lb",
        "status": "IN STOCK",
        "product_name_detail": "Cheese, Feta, Bulgarian, In Brine, 1/7 Kg",
        "item_number_from_name": "106845",
        "brand_supplier_detail": "Atalanta",
        "categories": "Cheese / Specialty Cheese",
        "detail_page_main_image_url": "https://d3tlizm80tjdt4.cloudfront.net/image/6242/image/lg-80dd770b2940c38a25004f1f62076c26.jpg",
        "detail_page_main_image_alt": "Cheese, Feta, Bulgarian, In Brine, 1/7 Kg - 106845",
        "detail_page_thumbnail_images": [
            {
                "url": "https://d3tlizm80tjdt4.cloudfront.net/image/6242/image/sm-9063431364cbcf7278cdde3f4d5f47fb.jpg",
                "alt": "Cheese, Feta, Bulgarian, In Brine, 1/7 Kg - 106845"
            },
            {
                "url": "https://d3tlizm80tjdt4.cloudfront.net/image/6243/image/sm-28f21308ae2ddaddc061a75af68a7d90.jpg",
                "alt": "Cheese, Feta, Bulgarian, In Brine, 1/7 Kg - 106845"
            }
        ],
        "sku": "106845",
        "upc": "106845",
        "quantity_package_info": "1 Item",
        "dimensions": "L 1\" x W 1\" x H 1\"",
        "weight": "15.43 lbs",
        "table_caption": "Product information or packaging displayed may not be current or complete. *Actual weight may vary based on seasonality and other factors.",
        "proposition_65_warning": "Warning: This product can expose you to chemicals including arsenic, which is known to the State of California to cause cancer. For more information, go to www.P65Warnings.ca.gov",
        "related_products": [
            "https://shop.kimelo.com//sku/cheese-feta-french-pail-valbreso-18-lb-avg-123797/123797"
        ],
        "other_like_products": [
            "https://shop.kimelo.com//sku/cheese-feta-crumbles-president-25-lb-123341/123341",
            "https://shop.kimelo.com//sku/cheese-feta-in-brine-pail-2-8-lb-124284/124284",
            "https://shop.kimelo.com//sku/cheese-mozzarella-fresh-loaf-sliced-61-lb-123535/123535",
            "https://shop.kimelo.com//sku/cheese-feta-sheepgoat-imported-ziria-14-kg-124111/124111",
            "https://shop.kimelo.com//sku/cheese-goat-chefs-chevre-tub-2-4-lb-103638/103638",
            "https://shop.kimelo.com//sku/cheese-feta-rbst-free-estia-24-lb-124006/124006",
            "https://shop.kimelo.com//sku/cheese-mascarpone-tub-belgioioso-4-5-lb-107599/107599",
            "https://shop.kimelo.com//sku/cheese-queso-fresco-casero-bulk-12-lbs-112596/112596",
            "https://shop.kimelo.com//sku/cheese-feta-french-pail-valbreso-18-lb-avg-123797/123797",
            "https://shop.kimelo.com//sku/cheese-mozzarella-fresh-ovoline-galbani-23-lb-123382/123382",
            "https://shop.kimelo.com//sku/cheese-feta-crumbles-president-25-lb-123341/123341",
            "https://shop.kimelo.com//sku/cheese-feta-in-brine-pail-2-8-lb-124284/124284",
            "https://shop.kimelo.com//sku/cheese-mozzarella-fresh-loaf-sliced-61-lb-123535/123535",
            "https://shop.kimelo.com//sku/cheese-feta-sheepgoat-imported-ziria-14-kg-124111/124111",
            "https://shop.kimelo.com//sku/cheese-goat-chefs-chevre-tub-2-4-lb-103638/103638",
            "https://shop.kimelo.com//sku/cheese-feta-rbst-free-estia-24-lb-124006/124006",
            "https://shop.kimelo.com//sku/cheese-mascarpone-tub-belgioioso-4-5-lb-107599/107599",
            "https://shop.kimelo.com//sku/cheese-queso-fresco-casero-bulk-12-lbs-112596/112596",
            "https://shop.kimelo.com//sku/cheese-feta-french-pail-valbreso-18-lb-avg-123797/123797",
            "https://shop.kimelo.com//sku/cheese-mozzarella-fresh-ovoline-galbani-23-lb-123382/123382",
            "https://shop.kimelo.com//sku/cheese-feta-crumbles-president-25-lb-123341/123341",
            "https://shop.kimelo.com//sku/cheese-feta-in-brine-pail-2-8-lb-124284/124284",
            "https://shop.kimelo.com//sku/cheese-mozzarella-fresh-loaf-sliced-61-lb-123535/123535",
            "https://shop.kimelo.com//sku/cheese-feta-sheepgoat-imported-ziria-14-kg-124111/124111",
            "https://shop.kimelo.com//sku/cheese-goat-chefs-chevre-tub-2-4-lb-103638/103638",
            "https://shop.kimelo.com//sku/cheese-feta-rbst-free-estia-24-lb-124006/124006"
        ]
    },
    {
        "product_detail_url": "https://shop.kimelo.com/sku/cheese-mozzarella-fresh-ovoline-galbani-23-lb-123382/123382",
        "image_url": "https://d3tlizm80tjdt4.cloudfront.net/remote_images/image/1050/small/4d39f5a7140280525c6242eaa3c6a455f2fea2640ccdf683fe.jpg",
        "product_name": "Cheese, Mozzarella, Fresh, Ovoline, Galbani, 2/3 Lb - 123382",
        "product_code_from_url": "123382",
        "brand": "Galbani",
        "price": "$34.67",
        "unit_price": "$5.78/lb",
        "status": "IN STOCK",
        "product_name_detail": "Cheese, Mozzarella, Fresh, Ovoline, Galbani, 2/3 Lb",
        "item_number_from_name": "123382",
        "brand_supplier_detail": "Galbani",
        "categories": "Cheese / Specialty Cheese",
        "detail_page_main_image_url": "https://d3tlizm80tjdt4.cloudfront.net/remote_images/image/1050/large/f9e794d55c84a72aac2708d6e555423892d56742f5ceb6d5dc.jpg",
        "detail_page_main_image_alt": "Cheese, Mozzarella, Fresh, Ovoline, Galbani, 2/3 Lb - 123382",
        "detail_page_thumbnail_images": [
            {
                "url": "https://d3tlizm80tjdt4.cloudfront.net/remote_images/image/1050/small/4d39f5a7140280525c6242eaa3c6a455f2fea2640ccdf683fe.jpg",
                "alt": "Cheese, Mozzarella, Fresh, Ovoline, Galbani, 2/3 Lb - 123382"
            }
        ],
        "sku": "123382",
        "upc": "123382",
        "quantity_package_info": "1 Item",
        "dimensions": "L 1\" x W 1\" x H 1\"",
        "weight": "6 lbs",
        "table_caption": "Product information or packaging displayed may not be current or complete. *Actual weight may vary based on seasonality and other factors.",
        "proposition_65_warning": "Warning: This product can expose you to chemicals including arsenic, which is known to the State of California to cause cancer. For more information, go to www.P65Warnings.ca.gov",
        "related_products": [
            "https://shop.kimelo.com//sku/cheese-mozzarella-fresh-loaf-sliced-61-lb-123535/123535"
        ],
        "other_like_products": [
            "https://shop.kimelo.com//sku/cheese-feta-french-pail-valbreso-18-lb-avg-123797/123797",
            "https://shop.kimelo.com//sku/cheese-feta-in-brine-pail-2-8-lb-124284/124284",
            "https://shop.kimelo.com//sku/cheese-mozzarella-fresh-loaf-thin-slice-61-lb-112545/112545",
            "https://shop.kimelo.com//sku/cheese-feta-sheepgoat-imported-ziria-14-kg-124111/124111",
            "https://shop.kimelo.com//sku/cheese-feta-rbst-free-estia-24-lb-124006/124006",
            "https://shop.kimelo.com//sku/cheese-goat-crumbled-22-lb-123365/123365",
            "https://shop.kimelo.com//sku/cheese-mozzarella-fresh-loaf-sliced-61-lb-123535/123535",
            "https://shop.kimelo.com//sku/cheese-feta-crumbles-president-25-lb-123341/123341",
            "https://shop.kimelo.com//sku/cheese-mascarpone-tub-belgioioso-4-5-lb-107599/107599",
            "https://shop.kimelo.com//sku/cheese-queso-fresco-casero-bulk-12-lbs-112596/112596",
            "https://shop.kimelo.com//sku/cheese-feta-french-pail-valbreso-18-lb-avg-123797/123797",
            "https://shop.kimelo.com//sku/cheese-feta-in-brine-pail-2-8-lb-124284/124284",
            "https://shop.kimelo.com//sku/cheese-mozzarella-fresh-loaf-thin-slice-61-lb-112545/112545",
            "https://shop.kimelo.com//sku/cheese-feta-sheepgoat-imported-ziria-14-kg-124111/124111",
            "https://shop.kimelo.com//sku/cheese-feta-rbst-free-estia-24-lb-124006/124006",
            "https://shop.kimelo.com//sku/cheese-goat-crumbled-22-lb-123365/123365",
            "https://shop.kimelo.com//sku/cheese-mozzarella-fresh-loaf-sliced-61-lb-123535/123535",
            "https://shop.kimelo.com//sku/cheese-feta-crumbles-president-25-lb-123341/123341",
            "https://shop.kimelo.com//sku/cheese-mascarpone-tub-belgioioso-4-5-lb-107599/107599",
            "https://shop.kimelo.com//sku/cheese-queso-fresco-casero-bulk-12-lbs-112596/112596",
            "https://shop.kimelo.com//sku/cheese-feta-french-pail-valbreso-18-lb-avg-123797/123797",
            "https://shop.kimelo.com//sku/cheese-feta-in-brine-pail-2-8-lb-124284/124284",
            "https://shop.kimelo.com//sku/cheese-mozzarella-fresh-loaf-thin-slice-61-lb-112545/112545",
            "https://shop.kimelo.com//sku/cheese-feta-sheepgoat-imported-ziria-14-kg-124111/124111",
            "https://shop.kimelo.com//sku/cheese-feta-rbst-free-estia-24-lb-124006/124006",
            "https://shop.kimelo.com//sku/cheese-goat-crumbled-22-lb-123365/123365"
        ]
    },
    {
        "product_detail_url": "https://shop.kimelo.com/sku/cheese-feta-sheepgoat-imported-ziria-14-kg-124111/124111",
        "image_url": "https://d3tlizm80tjdt4.cloudfront.net/remote_images/image/2224/small/7cb4d700b40ef33831a2d0c139d2be7237896927905a07bab6.jpg",
        "product_name": "Cheese, Feta, Sheep/goat, Imported, Ziria, 14 Kg 124111",
        "product_code_from_url": "124111",
        "brand": "Ziria",
        "price": "$166.17",
        "unit_price": "$5.36/lb",
        "status": "IN STOCK",
        "product_name_detail": "Cheese, Feta, Sheep/goat, Imported, Ziria, 14 Kg 124111",
        "brand_supplier_detail": "Ziria",
        "categories": "Cheese / Specialty Cheese",
        "detail_page_main_image_url": "https://d3tlizm80tjdt4.cloudfront.net/remote_images/image/2224/large/f2430897e2a489549426d603b1f57d8b8668eb85fe555bbf99.jpg",
        "detail_page_main_image_alt": "Cheese, Feta, Sheep/goat, Imported, Ziria, 14 Kg 124111",
        "detail_page_thumbnail_images": [
            {
                "url": "https://d3tlizm80tjdt4.cloudfront.net/remote_images/image/2224/small/7cb4d700b40ef33831a2d0c139d2be7237896927905a07bab6.jpg",
                "alt": "Cheese, Feta, Sheep/goat, Imported, Ziria, 14 Kg 124111"
            }
        ],
        "sku": "124111",
        "upc": "124111",
        "quantity_package_info": "1 Item",
        "dimensions": "L 1\" x W 1\" x H 1\"",
        "weight": "31 lbs",
        "table_caption": "Product information or packaging displayed may not be current or complete. *Actual weight may vary based on seasonality and other factors.",
        "proposition_65_warning": "Warning: This product can expose you to chemicals including arsenic, which is known to the State of California to cause cancer. For more information, go to www.P65Warnings.ca.gov",
        "related_products": [
            "https://shop.kimelo.com//sku/cheese-feta-french-pail-valbreso-18-lb-avg-123797/123797",
            "https://shop.kimelo.com//sku/cheese-feta-rbst-free-estia-24-lb-124006/124006"
        ],
        "other_like_products": [
            "https://shop.kimelo.com//sku/cheese-feta-in-brine-pail-2-8-lb-124284/124284",
            "https://shop.kimelo.com//sku/cheese-mozzarella-fresh-loaf-sliced-61-lb-123535/123535",
            "https://shop.kimelo.com//sku/cheese-mozzarella-fresh-ovoline-galbani-23-lb-123382/123382",
            "https://shop.kimelo.com//sku/cheese-ricotta-4-5lb-108718/108718",
            "https://shop.kimelo.com//sku/cheese-mozzarella-fresh-loaf-thin-slice-61-lb-112545/112545",
            "https://shop.kimelo.com//sku/cheese-goat-chefs-chevre-tub-2-4-lb-103638/103638",
            "https://shop.kimelo.com//sku/cheese-mascarpone-tub-belgioioso-4-5-lb-107599/107599",
            "https://shop.kimelo.com//sku/cheese-queso-fresco-casero-bulk-12-lbs-112596/112596",
            "https://shop.kimelo.com//sku/cheese-feta-crumbles-president-25-lb-123341/123341",
            "https://shop.kimelo.com//sku/cheese-feta-french-pail-valbreso-18-lb-avg-123797/123797",
            "https://shop.kimelo.com//sku/cheese-feta-in-brine-pail-2-8-lb-124284/124284",
            "https://shop.kimelo.com//sku/cheese-mozzarella-fresh-loaf-sliced-61-lb-123535/123535",
            "https://shop.kimelo.com//sku/cheese-mozzarella-fresh-ovoline-galbani-23-lb-123382/123382",
            "https://shop.kimelo.com//sku/cheese-ricotta-4-5lb-108718/108718",
            "https://shop.kimelo.com//sku/cheese-mozzarella-fresh-loaf-thin-slice-61-lb-112545/112545",
            "https://shop.kimelo.com//sku/cheese-goat-chefs-chevre-tub-2-4-lb-103638/103638",
            "https://shop.kimelo.com//sku/cheese-mascarpone-tub-belgioioso-4-5-lb-107599/107599",
            "https://shop.kimelo.com//sku/cheese-queso-fresco-casero-bulk-12-lbs-112596/112596",
            "https://shop.kimelo.com//sku/cheese-feta-crumbles-president-25-lb-123341/123341",
            "https://shop.kimelo.com//sku/cheese-feta-french-pail-valbreso-18-lb-avg-123797/123797",
            "https://shop.kimelo.com//sku/cheese-feta-in-brine-pail-2-8-lb-124284/124284",
            "https://shop.kimelo.com//sku/cheese-mozzarella-fresh-loaf-sliced-61-lb-123535/123535",
            "https://shop.kimelo.com//sku/cheese-mozzarella-fresh-ovoline-galbani-23-lb-123382/123382",
            "https://shop.kimelo.com//sku/cheese-ricotta-4-5lb-108718/108718",
            "https://shop.kimelo.com//sku/cheese-mozzarella-fresh-loaf-thin-slice-61-lb-112545/112545",
            "https://shop.kimelo.com//sku/cheese-goat-chefs-chevre-tub-2-4-lb-103638/103638"
        ]
    },
    {
        "product_detail_url": "https://shop.kimelo.com/sku/cheese-mozzarella-wmlm-shredded-red-label-65-lb-124189/124189",
        "image_url": "https://d3tlizm80tjdt4.cloudfront.net/remote_images/image/2018/small/e6aa96eb9c4f11476e530c078ea7e9331b62c1f1b0bd80fbcd.jpg",
        "product_name": "Cheese, Mozzarella, Wmlm, Shredded, Red Label, 6/5 Lb 124189",
        "product_code_from_url": "124189",
        "brand": "Galbani",
        "price": "$95.83",
        "unit_price": "$3.19/lb",
        "status": "IN STOCK",
        "product_name_detail": "Cheese, Mozzarella, Wmlm, Shredded, Red Label, 6/5 Lb 124189",
        "brand_supplier_detail": "Galbani",
        "categories": "Cheese / Specialty Cheese",
        "detail_page_main_image_url": "https://d3tlizm80tjdt4.cloudfront.net/remote_images/image/2018/large/b7125f67717482018020b2a3fd498eb79584f3541baf1bb901.jpg",
        "detail_page_main_image_alt": "Cheese, Mozzarella, Wmlm, Shredded, Red Label, 6/5 Lb 124189",
        "detail_page_thumbnail_images": [
            {
                "url": "https://d3tlizm80tjdt4.cloudfront.net/remote_images/image/2018/small/e6aa96eb9c4f11476e530c078ea7e9331b62c1f1b0bd80fbcd.jpg",
                "alt": "Cheese, Mozzarella, Wmlm, Shredded, Red Label, 6/5 Lb 124189"
            }
        ],
        "sku": "124189",
        "upc": "124189",
        "quantity_package_info": "1 Item",
        "dimensions": "L 1\" x W 1\" x H 1\"",
        "weight": "30 lbs",
        "table_caption": "Product information or packaging displayed may not be current or complete. *Actual weight may vary based on seasonality and other factors.",
        "proposition_65_warning": "Warning: This product can expose you to chemicals including arsenic, which is known to the State of California to cause cancer. For more information, go to www.P65Warnings.ca.gov",
        "related_products": [
            "https://shop.kimelo.com//sku/cheese-mozzarella-fresh-ovoline-galbani-23-lb-123382/123382"
        ],
        "other_like_products": [
            "https://shop.kimelo.com//sku/cheese-feta-crumbles-president-25-lb-123341/123341",
            "https://shop.kimelo.com//sku/cheese-mascarpone-tub-belgioioso-4-5-lb-107599/107599",
            "https://shop.kimelo.com//sku/cheese-parmesan-shaved-4-5-lb-106816/106816",
            "https://shop.kimelo.com//sku/cheese-queso-fresco-casero-bulk-12-lbs-112596/112596",
            "https://shop.kimelo.com//sku/cheese-mozzarella-fresh-loaf-thin-slice-61-lb-112545/112545",
            "https://shop.kimelo.com//sku/cheese-goat-chefs-chevre-tub-2-4-lb-103638/103638",
            "https://shop.kimelo.com//sku/cheese-blend-mozz-wm-ps-premio-shred-65-lb-112492/112492",
            "https://shop.kimelo.com//sku/appetizer-mozzarella-sticks-breaded-italian-43-lb-110439/110439",
            "https://shop.kimelo.com//sku/cheese-mozzarella-fresh-loaf-sliced-61-lb-123535/123535",
            "https://shop.kimelo.com//sku/cheese-mozzarella-fresh-ovoline-galbani-23-lb-123382/123382",
            "https://shop.kimelo.com//sku/cheese-cheddar-mild-loaf-8-5-lb-103670/103670",
            "https://shop.kimelo.com//sku/cheese-feta-crumbles-president-25-lb-123341/123341",
            "https://shop.kimelo.com//sku/cheese-mascarpone-tub-belgioioso-4-5-lb-107599/107599",
            "https://shop.kimelo.com//sku/cheese-parmesan-shaved-4-5-lb-106816/106816",
            "https://shop.kimelo.com//sku/cheese-queso-fresco-casero-bulk-12-lbs-112596/112596",
            "https://shop.kimelo.com//sku/cheese-mozzarella-fresh-loaf-thin-slice-61-lb-112545/112545",
            "https://shop.kimelo.com//sku/cheese-goat-chefs-chevre-tub-2-4-lb-103638/103638",
            "https://shop.kimelo.com//sku/cheese-blend-mozz-wm-ps-premio-shred-65-lb-112492/112492",
            "https://shop.kimelo.com//sku/appetizer-mozzarella-sticks-breaded-italian-43-lb-110439/110439",
            "https://shop.kimelo.com//sku/cheese-mozzarella-fresh-loaf-sliced-61-lb-123535/123535",
            "https://shop.kimelo.com//sku/cheese-mozzarella-fresh-ovoline-galbani-23-lb-123382/123382",
            "https://shop.kimelo.com//sku/cheese-cheddar-mild-loaf-8-5-lb-103670/103670",
            "https://shop.kimelo.com//sku/cheese-feta-crumbles-president-25-lb-123341/123341",
            "https://shop.kimelo.com//sku/cheese-mascarpone-tub-belgioioso-4-5-lb-107599/107599",
            "https://shop.kimelo.com//sku/cheese-parmesan-shaved-4-5-lb-106816/106816",
            "https://shop.kimelo.com//sku/cheese-queso-fresco-casero-bulk-12-lbs-112596/112596",
            "https://shop.kimelo.com//sku/cheese-mozzarella-fresh-loaf-thin-slice-61-lb-112545/112545",
            "https://shop.kimelo.com//sku/cheese-goat-chefs-chevre-tub-2-4-lb-103638/103638"
        ]
    },
    {
        "product_detail_url": "https://shop.kimelo.com/sku/cheese-processed-american-yellow-slices-160-ct-45-lb-125636/125636",
        "image_url": "https://d3tlizm80tjdt4.cloudfront.net/remote_images/image/5355/small/813a16121b3359e9889266333999b54523e3768c6a5fb0829b.jpg",
        "product_name": "Cheese, Processed, American, Yellow, Slices, 160 Ct, 4/5 Lb 125636",
        "product_code_from_url": "125636",
        "brand": "Schreiber",
        "price": "$72.32",
        "unit_price": "N/A",
        "status": "IN STOCK",
        "product_name_detail": "Cheese, Processed, American, Yellow, Slices, 160 Ct, 4/5 Lb 125636",
        "brand_supplier_detail": "Schreiber",
        "categories": "Cheese / Sliced Cheese",
        "detail_page_main_image_url": "https://d3tlizm80tjdt4.cloudfront.net/remote_images/image/5355/large/7ec331955d660509dfd8645317a66d49d3b1734abbc91c7772.jpg",
        "detail_page_main_image_alt": "Cheese, Processed, American, Yellow, Slices, 160 Ct, 4/5 Lb 125636",
        "detail_page_thumbnail_images": [
            {
                "url": "https://d3tlizm80tjdt4.cloudfront.net/remote_images/image/5355/small/813a16121b3359e9889266333999b54523e3768c6a5fb0829b.jpg",
                "alt": "Cheese, Processed, American, Yellow, Slices, 160 Ct, 4/5 Lb 125636"
            }
        ],
        "sku": "125636",
        "upc": "125636",
        "quantity_package_info": "1 Item",
        "dimensions": "L 1\" x W 1\" x H 1\"",
        "weight": "20 lbs",
        "table_caption": "Product information or packaging displayed may not be current or complete. *Actual weight may vary based on seasonality and other factors.",
        "proposition_65_warning": "Warning: This product can expose you to chemicals including arsenic, which is known to the State of California to cause cancer. For more information, go to www.P65Warnings.ca.gov",
        "related_products": [],
        "other_like_products": [
            "https://shop.kimelo.com//sku/cheese-pecorino-romano-14-lb-124109/124109",
            "https://shop.kimelo.com//sku/cheese-paneer-gopi-1514-oz-124005/124005",
            "https://shop.kimelo.com//sku/cheese-swiss-sliced-8-15-lb-103602/103602",
            "https://shop.kimelo.com//sku/cheese-jack-pepper-sliced-8-15-lb-124829/124829",
            "https://shop.kimelo.com//sku/cheese-gruyere-imported-loaf-2-5-lb-108978/108978",
            "https://shop.kimelo.com//sku/cheese-cheddar-sharp-white-10-lb-111680/111680",
            "https://shop.kimelo.com//sku/cheese-halloumi-tradition-greek-import-4088-oz-124144/124144",
            "https://shop.kimelo.com//sku/cheese-american-120-slice-yellow-4-5-lb-103674/103674",
            "https://shop.kimelo.com//sku/cheese-swiss-sliced-processed-120-ct-4-5-lb-100014/100014",
            "https://shop.kimelo.com//sku/cheese-pecorino-romano-14-lb-124109/124109",
            "https://shop.kimelo.com//sku/cheese-paneer-gopi-1514-oz-124005/124005",
            "https://shop.kimelo.com//sku/cheese-swiss-sliced-8-15-lb-103602/103602",
            "https://shop.kimelo.com//sku/cheese-jack-pepper-sliced-8-15-lb-124829/124829",
            "https://shop.kimelo.com//sku/cheese-gruyere-imported-loaf-2-5-lb-108978/108978",
            "https://shop.kimelo.com//sku/cheese-cheddar-sharp-white-10-lb-111680/111680",
            "https://shop.kimelo.com//sku/cheese-halloumi-tradition-greek-import-4088-oz-124144/124144",
            "https://shop.kimelo.com//sku/cheese-american-120-slice-yellow-4-5-lb-103674/103674",
            "https://shop.kimelo.com//sku/cheese-swiss-sliced-processed-120-ct-4-5-lb-100014/100014",
            "https://shop.kimelo.com//sku/cheese-pecorino-romano-14-lb-124109/124109",
            "https://shop.kimelo.com//sku/cheese-paneer-gopi-1514-oz-124005/124005",
            "https://shop.kimelo.com//sku/cheese-swiss-sliced-8-15-lb-103602/103602",
            "https://shop.kimelo.com//sku/cheese-jack-pepper-sliced-8-15-lb-124829/124829",
            "https://shop.kimelo.com//sku/cheese-gruyere-imported-loaf-2-5-lb-108978/108978",
            "https://shop.kimelo.com//sku/cheese-cheddar-sharp-white-10-lb-111680/111680"
        ]
    },
    {
        "product_detail_url": "https://shop.kimelo.com/sku/cheese-swiss-sliced-processed-120-ct-4-5-lb-100014/100014",
        "image_url": "https://d3tlizm80tjdt4.cloudfront.net/image/1474/image/sm-f655d358744b5afb25fbb0300dcbd7e9.jpg",
        "product_name": "Cheese, Swiss, Sliced, Processed, 120 Ct, (4) 5 Lb - 100014",
        "product_code_from_url": "100014",
        "brand": "Commodity Cheese",
        "price": "$19.47",
        "unit_price": "$3.89/lb",
        "status": "IN STOCK",
        "product_name_detail": "Cheese, Swiss, Sliced, Processed, 120 Ct, (4) 5 Lb",
        "item_number_from_name": "100014",
        "brand_supplier_detail": "Commodity Cheese",
        "categories": "Cheese / Sliced Cheese",
        "detail_page_main_image_url": "https://d3tlizm80tjdt4.cloudfront.net/image/1475/image/lg-ea31c579279f113d796b9692545d93bf.jpg",
        "detail_page_main_image_alt": "Cheese, Swiss, Sliced, Processed, 120 Ct, (4) 5 Lb - 100014",
        "detail_page_thumbnail_images": [
            {
                "url": "https://d3tlizm80tjdt4.cloudfront.net/image/1475/image/sm-d9e58637d835b0d794288cd8d983fbd2.jpg",
                "alt": "Cheese, Swiss, Sliced, Processed, 120 Ct, (4) 5 Lb - 100014"
            },
            {
                "url": "https://d3tlizm80tjdt4.cloudfront.net/image/1474/image/sm-f655d358744b5afb25fbb0300dcbd7e9.jpg",
                "alt": "Cheese, Swiss, Sliced, Processed, 120 Ct, (4) 5 Lb - 100014"
            }
        ],
        "sku": "100014",
        "upc": "100014",
        "quantity_package_info": "4 Eaches",
        "dimensions": "L 1\" x W 1\" x H 1\"",
        "weight": "5.14 lbs",
        "table_caption": "Product information or packaging displayed may not be current or complete. *Actual weight may vary based on seasonality and other factors.",
        "proposition_65_warning": "Warning: This product can expose you to chemicals including arsenic, which is known to the State of California to cause cancer. For more information, go to www.P65Warnings.ca.gov",
        "related_products": [
            "https://shop.kimelo.com//sku/cheese-american-120-slice-yellow-4-5-lb-103674/103674"
        ],
        "other_like_products": [
            "https://shop.kimelo.com//sku/cheese-jack-pepper-sliced-8-15-lb-124829/124829",
            "https://shop.kimelo.com//sku/cheese-cream-loaf-philadelphia-6-3-lb-103663/103663",
            "https://shop.kimelo.com//sku/cheese-gruyere-imported-loaf-2-5-lb-108978/108978",
            "https://shop.kimelo.com//sku/cheese-monterey-jack-sliced-8-15-lb-103599/103599",
            "https://shop.kimelo.com//sku/cheese-provolone-sliced-8-15-lb-103601/103601",
            "https://shop.kimelo.com//sku/cheese-pepper-jack-loaf-8-103672/103672",
            "https://shop.kimelo.com//sku/cheese-american-120-slice-yellow-4-5-lb-103674/103674",
            "https://shop.kimelo.com//sku/cheese-halloumi-tradition-greek-import-4088-oz-124144/124144",
            "https://shop.kimelo.com//sku/cheese-swiss-sliced-8-15-lb-103602/103602",
            "https://shop.kimelo.com//sku/cheese-monterey-jack-block-40-lb-avg-103562/103562",
            "https://shop.kimelo.com//sku/cheese-paneer-gopi-1514-oz-124005/124005",
            "https://shop.kimelo.com//sku/cheese-pecorino-romano-14-lb-124109/124109",
            "https://shop.kimelo.com//sku/cheese-cheddar-mild-loaf-8-5-lb-103670/103670",
            "https://shop.kimelo.com//sku/cheese-jack-pepper-sliced-8-15-lb-124829/124829",
            "https://shop.kimelo.com//sku/cheese-cream-loaf-philadelphia-6-3-lb-103663/103663",
            "https://shop.kimelo.com//sku/cheese-gruyere-imported-loaf-2-5-lb-108978/108978",
            "https://shop.kimelo.com//sku/cheese-monterey-jack-sliced-8-15-lb-103599/103599",
            "https://shop.kimelo.com//sku/cheese-provolone-sliced-8-15-lb-103601/103601",
            "https://shop.kimelo.com//sku/cheese-pepper-jack-loaf-8-103672/103672",
            "https://shop.kimelo.com//sku/cheese-american-120-slice-yellow-4-5-lb-103674/103674",
            "https://shop.kimelo.com//sku/cheese-halloumi-tradition-greek-import-4088-oz-124144/124144",
            "https://shop.kimelo.com//sku/cheese-swiss-sliced-8-15-lb-103602/103602",
            "https://shop.kimelo.com//sku/cheese-monterey-jack-block-40-lb-avg-103562/103562",
            "https://shop.kimelo.com//sku/cheese-paneer-gopi-1514-oz-124005/124005",
            "https://shop.kimelo.com//sku/cheese-pecorino-romano-14-lb-124109/124109",
            "https://shop.kimelo.com//sku/cheese-cheddar-mild-loaf-8-5-lb-103670/103670",
            "https://shop.kimelo.com//sku/cheese-jack-pepper-sliced-8-15-lb-124829/124829",
            "https://shop.kimelo.com//sku/cheese-cream-loaf-philadelphia-6-3-lb-103663/103663",
            "https://shop.kimelo.com//sku/cheese-gruyere-imported-loaf-2-5-lb-108978/108978",
            "https://shop.kimelo.com//sku/cheese-monterey-jack-sliced-8-15-lb-103599/103599",
            "https://shop.kimelo.com//sku/cheese-provolone-sliced-8-15-lb-103601/103601",
            "https://shop.kimelo.com//sku/cheese-pepper-jack-loaf-8-103672/103672"
        ]
    },
    {
        "product_detail_url": "https://shop.kimelo.com/sku/cheese-queso-fresco-casero-bulk-12-lbs-112596/112596",
        "image_url": "https://d3tlizm80tjdt4.cloudfront.net/image/13392/image/sm-a1beb72594462199dfe813034c8f0f08.png",
        "product_name": "Cheese, Queso Fresco, Casero, Bulk 12 Lbs - 112596",
        "product_code_from_url": "112596",
        "brand": "El Mexicano",
        "price": "$49.39",
        "unit_price": "$4.12/lb",
        "status": "IN STOCK",
        "product_name_detail": "Cheese, Queso Fresco, Casero, Bulk 12 Lbs",
        "item_number_from_name": "112596",
        "brand_supplier_detail": "El Mexicano",
        "categories": "Cheese / Specialty Cheese",
        "detail_page_main_image_url": "https://d3tlizm80tjdt4.cloudfront.net/image/13392/image/lg-4f4b1f2a2b6c58feceadd656cd387ae6.png",
        "detail_page_main_image_alt": "Cheese, Queso Fresco, Casero, Bulk 12 Lbs - 112596",
        "detail_page_thumbnail_images": [
            {
                "url": "https://d3tlizm80tjdt4.cloudfront.net/image/13392/image/sm-a1beb72594462199dfe813034c8f0f08.png",
                "alt": "Cheese, Queso Fresco, Casero, Bulk 12 Lbs - 112596"
            }
        ],
        "sku": "112596",
        "upc": "112596",
        "quantity_package_info": "1 Item",
        "dimensions": "L 1\" x W 1\" x H 1\"",
        "weight": "12 lbs",
        "table_caption": "Product information or packaging displayed may not be current or complete. *Actual weight may vary based on seasonality and other factors.",
        "proposition_65_warning": "Warning: This product can expose you to chemicals including arsenic, which is known to the State of California to cause cancer. For more information, go to www.P65Warnings.ca.gov",
        "related_products": [],
        "other_like_products": []
    },
    {
        "product_detail_url": "https://shop.kimelo.com/sku/cheese-mozzarella-lmwm-cali-gold-loaf-86-lb-125724/125724",
        "image_url": "https://d3tlizm80tjdt4.cloudfront.net/remote_images/image/7214/small/e9ab65ec35fd13418c56e43a697f0cd6f2464279cf92c5e10b.jpg",
        "product_name": "Cheese, Mozzarella, Lmwm, Cali Gold, Loaf, 8/6 Lb 125724",
        "product_code_from_url": "125724",
        "brand": "California Gold",
        "price": "$104.08",
        "unit_price": "$2.17/lb",
        "status": "IN STOCK",
        "product_name_detail": "Cheese, Mozzarella, Lmwm, Cali Gold, Loaf, 8/6 Lb 125724",
        "brand_supplier_detail": "California Gold",
        "categories": "Cheese / Cheese Loaf",
        "detail_page_main_image_url": "https://d3tlizm80tjdt4.cloudfront.net/remote_images/image/7214/large/41b9dc70ad46d4c0cccd5b382266a2a6c4b624473914254036.jpg",
        "detail_page_main_image_alt": "Cheese, Mozzarella, Lmwm, Cali Gold, Loaf, 8/6 Lb 125724",
        "detail_page_thumbnail_images": [
            {
                "url": "https://d3tlizm80tjdt4.cloudfront.net/remote_images/image/7214/small/e9ab65ec35fd13418c56e43a697f0cd6f2464279cf92c5e10b.jpg",
                "alt": "Cheese, Mozzarella, Lmwm, Cali Gold, Loaf, 8/6 Lb 125724"
            }
        ],
        "sku": "125724",
        "upc": "125724",
        "quantity_package_info": "1 Item",
        "dimensions": "L 1\" x W 1\" x H 1\"",
        "weight": "48 lbs",
        "table_caption": "Product information or packaging displayed may not be current or complete. *Actual weight may vary based on seasonality and other factors.",
        "proposition_65_warning": "Warning: This product can expose you to chemicals including arsenic, which is known to the State of California to cause cancer. For more information, go to www.P65Warnings.ca.gov",
        "related_products": [],
        "other_like_products": []
    },
    {
        "product_detail_url": "https://shop.kimelo.com/sku/cheese-cream-cheese-philadelphia-portions-cups-111589/41530",
        "image_url": "https://d3tlizm80tjdt4.cloudfront.net/remote_images/image/9657/small/5ab654f51d8f2e0ef8a931a3ab768ea564c152a1904483a59b.jpg",
        "product_name": "Cheese, Cream Cheese, Philadelphia, Portions, Cups - 111589",
        "product_code_from_url": "41530",
        "brand": "Kraft",
        "price": "$51.49",
        "unit_price": "$0.51/ct",
        "status": "IN STOCK",
        "product_name_detail": "Cheese, Cream Cheese, Philadelphia, Portions, Cups",
        "item_number_from_name": "111589",
        "brand_supplier_detail": "Kraft",
        "categories": "Cheese / Cream Cheese",
        "detail_page_main_image_url": "https://d3tlizm80tjdt4.cloudfront.net/remote_images/image/9657/large/a635fa071fba4d60f8f25d3053e0cc330007af9ee058d9c349.jpg",
        "detail_page_main_image_alt": "Cheese, Cream Cheese, Philadelphia, Portions, Cups - 111589",
        "detail_page_thumbnail_images": [
            {
                "url": "https://d3tlizm80tjdt4.cloudfront.net/remote_images/image/9657/small/5ab654f51d8f2e0ef8a931a3ab768ea564c152a1904483a59b.jpg",
                "alt": "Cheese, Cream Cheese, Philadelphia, Portions, Cups - 111589"
            }
        ],
        "sku": "41530",
        "upc": "41530",
        "quantity_package_info": "1 Item",
        "dimensions": "L 1\" x W 1\" x H 1\"",
        "weight": "6.25 lbs",
        "table_caption": "Product information or packaging displayed may not be current or complete. *Actual weight may vary based on seasonality and other factors.",
        "proposition_65_warning": "Warning: This product can expose you to chemicals including arsenic, which is known to the State of California to cause cancer. For more information, go to www.P65Warnings.ca.gov",
        "related_products": [],
        "other_like_products": []
    },
    {
        "product_detail_url": "https://shop.kimelo.com/sku/cheese-cheddar-sharp-slcd-interleaf-075-oz-8-103603/103603",
        "image_url": "https://d3tlizm80tjdt4.cloudfront.net/image/10347/image/sm-e678c1718263a65a402310e22e32ac8a.jpg",
        "product_name": "Cheese, Cheddar, Sharp, Slcd, Interleaf, 0.75 Oz, (8)  103603",
        "product_code_from_url": "103603",
        "brand": "California Select Farms",
        "price": "$9.56",
        "unit_price": "$6.37/lb",
        "status": "IN STOCK",
        "product_name_detail": "Cheese, Cheddar, Sharp, Slcd, Interleaf, 0.75 Oz, (8)  103603",
        "brand_supplier_detail": "California Select Farms",
        "categories": "Cheese / Sliced Cheese",
        "detail_page_main_image_url": "https://d3tlizm80tjdt4.cloudfront.net/image/10347/image/lg-2ba2c9ab03062288a4c53dd66e1af2e6.jpg",
        "detail_page_main_image_alt": "Cheese, Cheddar, Sharp, Slcd, Interleaf, 0.75 Oz, (8)  103603",
        "detail_page_thumbnail_images": [
            {
                "url": "https://d3tlizm80tjdt4.cloudfront.net/image/10347/image/sm-e678c1718263a65a402310e22e32ac8a.jpg",
                "alt": "Cheese, Cheddar, Sharp, Slcd, Interleaf, 0.75 Oz, (8)  103603"
            }
        ],
        "sku": "103603",
        "upc": "103603",
        "quantity_package_info": "8 Eaches",
        "dimensions": "L 1\" x W 1\" x H 1\"",
        "weight": "1.5 lbs",
        "table_caption": "Product information or packaging displayed may not be current or complete. *Actual weight may vary based on seasonality and other factors.",
        "proposition_65_warning": "Warning: This product can expose you to chemicals including arsenic, which is known to the State of California to cause cancer. For more information, go to www.P65Warnings.ca.gov",
        "related_products": [
            "https://shop.kimelo.com//sku/cheese-cheddar-mild-sliced-8-103600/103600",
            "https://shop.kimelo.com//sku/cheese-cheddar-medium-loaf-2-5lb-106815/106815"
        ],
        "other_like_products": [
            "https://shop.kimelo.com//sku/cheese-swiss-sliced-8-15-lb-103602/103602",
            "https://shop.kimelo.com//sku/cheese-paneer-gopi-1514-oz-124005/124005",
            "https://shop.kimelo.com//sku/cheese-provolone-sliced-8-15-lb-103601/103601",
            "https://shop.kimelo.com//sku/milk-whole-21-gal-109392/109392",
            "https://shop.kimelo.com//sku/cheese-pecorino-romano-14-lb-124109/124109",
            "https://shop.kimelo.com//sku/cheese-shredded-jack-cheddar-blend-fancy-4-5-lb-103664/103664",
            "https://shop.kimelo.com//sku/cheese-swiss-sliced-processed-120-ct-4-5-lb-100014/100014",
            "https://shop.kimelo.com//sku/cheese-american-120-slice-yellow-4-5-lb-103674/103674",
            "https://shop.kimelo.com//sku/cheese-gruyere-imported-loaf-2-5-lb-108978/108978",
            "https://shop.kimelo.com//sku/cheese-cheddar-mild-loaf-8-5-lb-103670/103670",
            "https://shop.kimelo.com//sku/cheese-halloumi-tradition-greek-import-4088-oz-124144/124144",
            "https://shop.kimelo.com//sku/cheese-cream-loaf-philadelphia-6-3-lb-103663/103663",
            "https://shop.kimelo.com//sku/cheese-cheddar-mild-sliced-8-103600/103600",
            "https://shop.kimelo.com//sku/cheese-swiss-sliced-8-15-lb-103602/103602",
            "https://shop.kimelo.com//sku/cheese-paneer-gopi-1514-oz-124005/124005",
            "https://shop.kimelo.com//sku/cheese-provolone-sliced-8-15-lb-103601/103601",
            "https://shop.kimelo.com//sku/milk-whole-21-gal-109392/109392",
            "https://shop.kimelo.com//sku/cheese-pecorino-romano-14-lb-124109/124109",
            "https://shop.kimelo.com//sku/cheese-shredded-jack-cheddar-blend-fancy-4-5-lb-103664/103664",
            "https://shop.kimelo.com//sku/cheese-swiss-sliced-processed-120-ct-4-5-lb-100014/100014",
            "https://shop.kimelo.com//sku/cheese-american-120-slice-yellow-4-5-lb-103674/103674",
            "https://shop.kimelo.com//sku/cheese-gruyere-imported-loaf-2-5-lb-108978/108978",
            "https://shop.kimelo.com//sku/cheese-cheddar-mild-loaf-8-5-lb-103670/103670",
            "https://shop.kimelo.com//sku/cheese-halloumi-tradition-greek-import-4088-oz-124144/124144",
            "https://shop.kimelo.com//sku/cheese-cream-loaf-philadelphia-6-3-lb-103663/103663",
            "https://shop.kimelo.com//sku/cheese-cheddar-mild-sliced-8-103600/103600",
            "https://shop.kimelo.com//sku/cheese-swiss-sliced-8-15-lb-103602/103602",
            "https://shop.kimelo.com//sku/cheese-paneer-gopi-1514-oz-124005/124005",
            "https://shop.kimelo.com//sku/cheese-provolone-sliced-8-15-lb-103601/103601",
            "https://shop.kimelo.com//sku/milk-whole-21-gal-109392/109392",
            "https://shop.kimelo.com//sku/cheese-pecorino-romano-14-lb-124109/124109",
            "https://shop.kimelo.com//sku/cheese-shredded-jack-cheddar-blend-fancy-4-5-lb-103664/103664"
        ]
    },
    {
        "product_detail_url": "https://shop.kimelo.com/sku/cheese-mozzarella-pslm-cali-gold-loaf-86-lb-125986/125986",
        "image_url": "https://d3tlizm80tjdt4.cloudfront.net/remote_images/image/7730/small/66c3c8d496d6f67e6986f5b051fc2aa6406223c1602f88978c.jpg",
        "product_name": "Cheese, Mozzarella, Pslm, Cali Gold, Loaf, 8/6 Lb 125986",
        "product_code_from_url": "125986",
        "brand": "California Gold",
        "price": "$100.16",
        "unit_price": "$2.09/lb",
        "status": "IN STOCK",
        "product_name_detail": "Cheese, Mozzarella, Pslm, Cali Gold, Loaf, 8/6 Lb 125986",
        "brand_supplier_detail": "California Gold",
        "categories": "Cheese / Specialty Cheese",
        "detail_page_main_image_url": "https://d3tlizm80tjdt4.cloudfront.net/remote_images/image/7730/large/40a5ad43f5a3cff08d75d9acf419e424b0b7d9468f07d0fc73.jpg",
        "detail_page_main_image_alt": "Cheese, Mozzarella, Pslm, Cali Gold, Loaf, 8/6 Lb 125986",
        "detail_page_thumbnail_images": [
            {
                "url": "https://d3tlizm80tjdt4.cloudfront.net/remote_images/image/7730/small/66c3c8d496d6f67e6986f5b051fc2aa6406223c1602f88978c.jpg",
                "alt": "Cheese, Mozzarella, Pslm, Cali Gold, Loaf, 8/6 Lb 125986"
            },
            {
                "url": "https://d3tlizm80tjdt4.cloudfront.net/remote_images/image/7735/small/928aeeb52bdd5d95ec0ef23f9fdf39266d58214a9625db3a1b.jpg",
                "alt": "Cheese, Mozzarella, Pslm, Cali Gold, Loaf, 8/6 Lb 125986"
            }
        ],
        "sku": "125986",
        "upc": "125986",
        "quantity_package_info": "1 Item",
        "dimensions": "L 1\" x W 1\" x H 1\"",
        "weight": "48 lbs",
        "table_caption": "Product information or packaging displayed may not be current or complete. *Actual weight may vary based on seasonality and other factors.",
        "proposition_65_warning": "Warning: This product can expose you to chemicals including arsenic, which is known to the State of California to cause cancer. For more information, go to www.P65Warnings.ca.gov",
        "related_products": [],
        "other_like_products": [
            "https://shop.kimelo.com//sku/cheese-goat-crumbled-22-lb-123365/123365",
            "https://shop.kimelo.com//sku/cheese-mascarpone-tub-belgioioso-4-5-lb-107599/107599",
            "https://shop.kimelo.com//sku/cheese-mozzarella-fresh-loaf-sliced-61-lb-123535/123535",
            "https://shop.kimelo.com//sku/cheese-queso-fresco-casero-bulk-12-lbs-112596/112596",
            "https://shop.kimelo.com//sku/cheese-feta-rbst-free-estia-24-lb-124006/124006",
            "https://shop.kimelo.com//sku/cheese-feta-french-pail-valbreso-18-lb-avg-123797/123797",
            "https://shop.kimelo.com//sku/cheese-feta-crumbles-president-25-lb-123341/123341",
            "https://shop.kimelo.com//sku/cheese-feta-in-brine-pail-2-8-lb-124284/124284",
            "https://shop.kimelo.com//sku/cheese-feta-sheepgoat-imported-ziria-14-kg-124111/124111",
            "https://shop.kimelo.com//sku/cheese-goat-crumbled-22-lb-123365/123365",
            "https://shop.kimelo.com//sku/cheese-mascarpone-tub-belgioioso-4-5-lb-107599/107599",
            "https://shop.kimelo.com//sku/cheese-mozzarella-fresh-loaf-sliced-61-lb-123535/123535",
            "https://shop.kimelo.com//sku/cheese-queso-fresco-casero-bulk-12-lbs-112596/112596",
            "https://shop.kimelo.com//sku/cheese-feta-rbst-free-estia-24-lb-124006/124006",
            "https://shop.kimelo.com//sku/cheese-feta-french-pail-valbreso-18-lb-avg-123797/123797",
            "https://shop.kimelo.com//sku/cheese-feta-crumbles-president-25-lb-123341/123341",
            "https://shop.kimelo.com//sku/cheese-feta-in-brine-pail-2-8-lb-124284/124284",
            "https://shop.kimelo.com//sku/cheese-feta-sheepgoat-imported-ziria-14-kg-124111/124111",
            "https://shop.kimelo.com//sku/cheese-goat-crumbled-22-lb-123365/123365",
            "https://shop.kimelo.com//sku/cheese-mascarpone-tub-belgioioso-4-5-lb-107599/107599",
            "https://shop.kimelo.com//sku/cheese-mozzarella-fresh-loaf-sliced-61-lb-123535/123535",
            "https://shop.kimelo.com//sku/cheese-queso-fresco-casero-bulk-12-lbs-112596/112596",
            "https://shop.kimelo.com//sku/cheese-feta-rbst-free-estia-24-lb-124006/124006",
            "https://shop.kimelo.com//sku/cheese-feta-french-pail-valbreso-18-lb-avg-123797/123797"
        ]
    },
    {
        "product_detail_url": "https://shop.kimelo.com/sku/cheese-halloumi-tradition-greek-import-4088-oz-124144/124144",
        "image_url": "https://d3tlizm80tjdt4.cloudfront.net/remote_images/image/1998/small/92cb453b056d15b02a89fefb67e39797fc58b0a4398a29b53f.jpg",
        "product_name": "Cheese, Halloumi, Tradition, Greek, Import, 40/8.8 Oz 124144",
        "product_code_from_url": "124144",
        "brand": "Alambra",
        "price": "$197.35",
        "unit_price": "$8.97/lb",
        "status": "IN STOCK",
        "product_name_detail": "Cheese, Halloumi, Tradition, Greek, Import, 40/8.8 Oz 124144",
        "brand_supplier_detail": "Alambra",
        "categories": "Cheese / Sliced Cheese",
        "detail_page_main_image_url": "https://d3tlizm80tjdt4.cloudfront.net/remote_images/image/1998/large/0c5d6be482c882274eed45ff524c3b27b3ce3478a06a65355d.jpg",
        "detail_page_main_image_alt": "Cheese, Halloumi, Tradition, Greek, Import, 40/8.8 Oz 124144",
        "detail_page_thumbnail_images": [
            {
                "url": "https://d3tlizm80tjdt4.cloudfront.net/remote_images/image/1998/small/92cb453b056d15b02a89fefb67e39797fc58b0a4398a29b53f.jpg",
                "alt": "Cheese, Halloumi, Tradition, Greek, Import, 40/8.8 Oz 124144"
            }
        ],
        "sku": "124144",
        "upc": "124144",
        "quantity_package_info": "1 Item",
        "dimensions": "L 1\" x W 1\" x H 1\"",
        "weight": "20 lbs",
        "table_caption": "Product information or packaging displayed may not be current or complete. *Actual weight may vary based on seasonality and other factors.",
        "proposition_65_warning": "Warning: This product can expose you to chemicals including arsenic, which is known to the State of California to cause cancer. For more information, go to www.P65Warnings.ca.gov",
        "related_products": [],
        "other_like_products": [
            "https://shop.kimelo.com//sku/cheese-swiss-sliced-processed-120-ct-4-5-lb-100014/100014",
            "https://shop.kimelo.com//sku/cheese-pecorino-romano-14-lb-124109/124109",
            "https://shop.kimelo.com//sku/cheese-kefalotyri-hard-wheel-greek-import-18-lb-avg-124125/124125",
            "https://shop.kimelo.com//sku/cheese-swiss-sliced-8-15-lb-103602/103602",
            "https://shop.kimelo.com//sku/cheese-provolone-sliced-8-15-lb-103601/103601",
            "https://shop.kimelo.com//sku/cheese-monterey-jack-block-40-lb-avg-103562/103562",
            "https://shop.kimelo.com//sku/cheese-paneer-gopi-1514-oz-124005/124005",
            "https://shop.kimelo.com//sku/cheese-gruyere-imported-loaf-2-5-lb-108978/108978",
            "https://shop.kimelo.com//sku/cheese-american-120-slice-yellow-4-5-lb-103674/103674",
            "https://shop.kimelo.com//sku/cheese-swiss-sliced-processed-120-ct-4-5-lb-100014/100014",
            "https://shop.kimelo.com//sku/cheese-pecorino-romano-14-lb-124109/124109",
            "https://shop.kimelo.com//sku/cheese-kefalotyri-hard-wheel-greek-import-18-lb-avg-124125/124125",
            "https://shop.kimelo.com//sku/cheese-swiss-sliced-8-15-lb-103602/103602",
            "https://shop.kimelo.com//sku/cheese-provolone-sliced-8-15-lb-103601/103601",
            "https://shop.kimelo.com//sku/cheese-monterey-jack-block-40-lb-avg-103562/103562",
            "https://shop.kimelo.com//sku/cheese-paneer-gopi-1514-oz-124005/124005",
            "https://shop.kimelo.com//sku/cheese-gruyere-imported-loaf-2-5-lb-108978/108978",
            "https://shop.kimelo.com//sku/cheese-american-120-slice-yellow-4-5-lb-103674/103674",
            "https://shop.kimelo.com//sku/cheese-swiss-sliced-processed-120-ct-4-5-lb-100014/100014",
            "https://shop.kimelo.com//sku/cheese-pecorino-romano-14-lb-124109/124109",
            "https://shop.kimelo.com//sku/cheese-kefalotyri-hard-wheel-greek-import-18-lb-avg-124125/124125",
            "https://shop.kimelo.com//sku/cheese-swiss-sliced-8-15-lb-103602/103602",
            "https://shop.kimelo.com//sku/cheese-provolone-sliced-8-15-lb-103601/103601",
            "https://shop.kimelo.com//sku/cheese-monterey-jack-block-40-lb-avg-103562/103562"
        ]
    },
    {
        "product_detail_url": "https://shop.kimelo.com/sku/cheese-feta-in-brine-pail-2-8-lb-124284/124284",
        "image_url": "https://d3tlizm80tjdt4.cloudfront.net/remote_images/image/7673/small/0b979f0fa945c83473934cf317ee8339e16a68ae1af19108f3.jpg",
        "product_name": "Cheese, Feta, In Brine, Pail, (2) 8 Lb 124284",
        "product_code_from_url": "124284",
        "brand": "Cucina",
        "price": "$29.44",
        "unit_price": "$3.68/lb",
        "status": "IN STOCK",
        "product_name_detail": "Cheese, Feta, In Brine, Pail, (2) 8 Lb 124284",
        "brand_supplier_detail": "Cucina",
        "categories": "Cheese / Specialty Cheese",
        "detail_page_main_image_url": "https://d3tlizm80tjdt4.cloudfront.net/remote_images/image/7673/large/019f7f8681cf1abac6e507f644dd57c7ca430c2bdbb127f5f6.jpg",
        "detail_page_main_image_alt": "Cheese, Feta, In Brine, Pail, (2) 8 Lb 124284",
        "detail_page_thumbnail_images": [
            {
                "url": "https://d3tlizm80tjdt4.cloudfront.net/remote_images/image/7673/small/0b979f0fa945c83473934cf317ee8339e16a68ae1af19108f3.jpg",
                "alt": "Cheese, Feta, In Brine, Pail, (2) 8 Lb 124284"
            }
        ],
        "sku": "124284",
        "upc": "124284",
        "quantity_package_info": "2 Eaches",
        "dimensions": "L 1\" x W 1\" x H 1\"",
        "weight": "8 lbs",
        "table_caption": "Product information or packaging displayed may not be current or complete. *Actual weight may vary based on seasonality and other factors.",
        "proposition_65_warning": "Warning: This product can expose you to chemicals including arsenic, which is known to the State of California to cause cancer. For more information, go to www.P65Warnings.ca.gov",
        "related_products": [
            "https://shop.kimelo.com//sku/cheese-feta-french-pail-valbreso-18-lb-avg-123797/123797"
        ],
        "other_like_products": [
            "https://shop.kimelo.com//sku/cheese-mozzarella-fresh-loaf-thin-slice-61-lb-112545/112545",
            "https://shop.kimelo.com//sku/cheese-feta-french-pail-valbreso-18-lb-avg-123797/123797",
            "https://shop.kimelo.com//sku/cheese-goat-chefs-chevre-tub-2-4-lb-103638/103638",
            "https://shop.kimelo.com//sku/cheese-mozzarella-fresh-loaf-sliced-61-lb-123535/123535",
            "https://shop.kimelo.com//sku/cheese-ricotta-4-5lb-108718/108718",
            "https://shop.kimelo.com//sku/cheese-feta-rbst-free-estia-24-lb-124006/124006",
            "https://shop.kimelo.com//sku/cheese-mascarpone-tub-belgioioso-4-5-lb-107599/107599",
            "https://shop.kimelo.com//sku/cheese-queso-fresco-casero-bulk-12-lbs-112596/112596",
            "https://shop.kimelo.com//sku/cheese-mozzarella-fresh-ovoline-galbani-23-lb-123382/123382",
            "https://shop.kimelo.com//sku/cheese-feta-crumbles-president-25-lb-123341/123341",
            "https://shop.kimelo.com//sku/cheese-mozzarella-fresh-loaf-thin-slice-61-lb-112545/112545",
            "https://shop.kimelo.com//sku/cheese-feta-french-pail-valbreso-18-lb-avg-123797/123797",
            "https://shop.kimelo.com//sku/cheese-goat-chefs-chevre-tub-2-4-lb-103638/103638",
            "https://shop.kimelo.com//sku/cheese-mozzarella-fresh-loaf-sliced-61-lb-123535/123535",
            "https://shop.kimelo.com//sku/cheese-ricotta-4-5lb-108718/108718",
            "https://shop.kimelo.com//sku/cheese-feta-rbst-free-estia-24-lb-124006/124006",
            "https://shop.kimelo.com//sku/cheese-mascarpone-tub-belgioioso-4-5-lb-107599/107599",
            "https://shop.kimelo.com//sku/cheese-queso-fresco-casero-bulk-12-lbs-112596/112596",
            "https://shop.kimelo.com//sku/cheese-mozzarella-fresh-ovoline-galbani-23-lb-123382/123382",
            "https://shop.kimelo.com//sku/cheese-feta-crumbles-president-25-lb-123341/123341",
            "https://shop.kimelo.com//sku/cheese-mozzarella-fresh-loaf-thin-slice-61-lb-112545/112545",
            "https://shop.kimelo.com//sku/cheese-feta-french-pail-valbreso-18-lb-avg-123797/123797",
            "https://shop.kimelo.com//sku/cheese-goat-chefs-chevre-tub-2-4-lb-103638/103638",
            "https://shop.kimelo.com//sku/cheese-mozzarella-fresh-loaf-sliced-61-lb-123535/123535",
            "https://shop.kimelo.com//sku/cheese-ricotta-4-5lb-108718/108718",
            "https://shop.kimelo.com//sku/cheese-feta-rbst-free-estia-24-lb-124006/124006"
        ]
    },
    {
        "product_detail_url": "https://shop.kimelo.com/sku/cheese-monterey-jack-sliced-8-15-lb-103599/103599",
        "image_url": "https://d3tlizm80tjdt4.cloudfront.net/image/9201/image/sm-4b09eacd768b0bf3bc71bca949fe2915.jpg",
        "product_name": "Cheese, Monterey Jack, Sliced, (8) 1.5 Lb - 103599",
        "product_code_from_url": "103599",
        "brand": "Cheese Crafters",
        "price": "$5.97",
        "unit_price": "$3.98/lb",
        "status": "IN STOCK",
        "product_name_detail": "Cheese, Monterey Jack, Sliced, (8) 1.5 Lb",
        "item_number_from_name": "103599",
        "brand_supplier_detail": "Cheese Crafters",
        "categories": "Cheese / Sliced Cheese",
        "detail_page_main_image_url": "https://d3tlizm80tjdt4.cloudfront.net/image/9201/image/lg-e0268c061188a8639ccff1b50f84db1b.jpg",
        "detail_page_main_image_alt": "Cheese, Monterey Jack, Sliced, (8) 1.5 Lb - 103599",
        "detail_page_thumbnail_images": [
            {
                "url": "https://d3tlizm80tjdt4.cloudfront.net/image/9201/image/sm-4b09eacd768b0bf3bc71bca949fe2915.jpg",
                "alt": "Cheese, Monterey Jack, Sliced, (8) 1.5 Lb - 103599"
            }
        ],
        "sku": "103599",
        "upc": "103599",
        "quantity_package_info": "8 Eaches",
        "dimensions": "L 1\" x W 1\" x H 1\"",
        "weight": "1.5 lbs",
        "table_caption": "Product information or packaging displayed may not be current or complete. *Actual weight may vary based on seasonality and other factors.",
        "proposition_65_warning": "Warning: This product can expose you to chemicals including arsenic, which is known to the State of California to cause cancer. For more information, go to www.P65Warnings.ca.gov",
        "related_products": [
            "https://shop.kimelo.com//sku/cheese-monterey-jack-block-40-lb-avg-103562/103562",
            "https://shop.kimelo.com//sku/cheese-monterey-jack-shredded-fancy-4-5-lb-108930/108930"
        ],
        "other_like_products": [
            "https://shop.kimelo.com//sku/cheese-monterey-jack-block-40-lb-avg-103562/103562",
            "https://shop.kimelo.com//sku/cheese-american-120-slice-yellow-4-5-lb-103674/103674",
            "https://shop.kimelo.com//sku/cheese-cheddar-mild-sliced-8-103600/103600",
            "https://shop.kimelo.com//sku/cheese-jack-pepper-sliced-8-15-lb-124829/124829",
            "https://shop.kimelo.com//sku/cheese-gruyere-imported-loaf-2-5-lb-108978/108978",
            "https://shop.kimelo.com//sku/cheese-provolone-sliced-8-15-lb-103601/103601",
            "https://shop.kimelo.com//sku/cheese-swiss-sliced-8-15-lb-103602/103602",
            "https://shop.kimelo.com//sku/appetizer-mozzarella-sticks-breaded-italian-43-lb-110439/110439",
            "https://shop.kimelo.com//sku/cheese-halloumi-tradition-greek-import-4088-oz-124144/124144",
            "https://shop.kimelo.com//sku/cheese-parmesan-shaved-4-5-lb-106816/106816",
            "https://shop.kimelo.com//sku/cheese-pepper-jack-loaf-8-103672/103672",
            "https://shop.kimelo.com//sku/cheese-blend-mozz-wm-ps-premio-shred-65-lb-112492/112492",
            "https://shop.kimelo.com//sku/cheese-swiss-sliced-processed-120-ct-4-5-lb-100014/100014",
            "https://shop.kimelo.com//sku/cheese-monterey-jack-block-40-lb-avg-103562/103562",
            "https://shop.kimelo.com//sku/cheese-american-120-slice-yellow-4-5-lb-103674/103674",
            "https://shop.kimelo.com//sku/cheese-cheddar-mild-sliced-8-103600/103600",
            "https://shop.kimelo.com//sku/cheese-jack-pepper-sliced-8-15-lb-124829/124829",
            "https://shop.kimelo.com//sku/cheese-gruyere-imported-loaf-2-5-lb-108978/108978",
            "https://shop.kimelo.com//sku/cheese-provolone-sliced-8-15-lb-103601/103601",
            "https://shop.kimelo.com//sku/cheese-swiss-sliced-8-15-lb-103602/103602",
            "https://shop.kimelo.com//sku/appetizer-mozzarella-sticks-breaded-italian-43-lb-110439/110439",
            "https://shop.kimelo.com//sku/cheese-halloumi-tradition-greek-import-4088-oz-124144/124144",
            "https://shop.kimelo.com//sku/cheese-parmesan-shaved-4-5-lb-106816/106816",
            "https://shop.kimelo.com//sku/cheese-pepper-jack-loaf-8-103672/103672",
            "https://shop.kimelo.com//sku/cheese-blend-mozz-wm-ps-premio-shred-65-lb-112492/112492",
            "https://shop.kimelo.com//sku/cheese-swiss-sliced-processed-120-ct-4-5-lb-100014/100014",
            "https://shop.kimelo.com//sku/cheese-monterey-jack-block-40-lb-avg-103562/103562",
            "https://shop.kimelo.com//sku/cheese-american-120-slice-yellow-4-5-lb-103674/103674",
            "https://shop.kimelo.com//sku/cheese-cheddar-mild-sliced-8-103600/103600",
            "https://shop.kimelo.com//sku/cheese-jack-pepper-sliced-8-15-lb-124829/124829",
            "https://shop.kimelo.com//sku/cheese-gruyere-imported-loaf-2-5-lb-108978/108978",
            "https://shop.kimelo.com//sku/cheese-provolone-sliced-8-15-lb-103601/103601"
        ]
    },
    {
        "product_detail_url": "https://shop.kimelo.com/sku/cheese-gruyere-imported-loaf-2-5-lb-108978/108978",
        "image_url": "https://d3tlizm80tjdt4.cloudfront.net/image/7423/image/sm-05cc51bafdb84958b8c527b8a3a8fecb.jpg",
        "product_name": "Cheese, Gruyere, Imported, Loaf, (2) 5 Lb - 108978",
        "product_code_from_url": "108978",
        "brand": "Packer",
        "price": "$67.30",
        "unit_price": "$13.46/lb",
        "status": "IN STOCK",
        "product_name_detail": "Cheese, Gruyere, Imported, Loaf, (2) 5 Lb",
        "item_number_from_name": "108978",
        "brand_supplier_detail": "Packer",
        "categories": "Cheese / Cheese Loaf",
        "detail_page_main_image_url": "https://d3tlizm80tjdt4.cloudfront.net/image/7423/image/lg-18e878e4379d896202e3896cbd593d1e.jpg",
        "detail_page_main_image_alt": "Cheese, Gruyere, Imported, Loaf, (2) 5 Lb - 108978",
        "detail_page_thumbnail_images": [
            {
                "url": "https://d3tlizm80tjdt4.cloudfront.net/image/7423/image/sm-05cc51bafdb84958b8c527b8a3a8fecb.jpg",
                "alt": "Cheese, Gruyere, Imported, Loaf, (2) 5 Lb - 108978"
            },
            {
                "url": "https://d3tlizm80tjdt4.cloudfront.net/image/7424/image/sm-566e588743e706293efc53c0c727bca1.jpg",
                "alt": "Cheese, Gruyere, Imported, Loaf, (2) 5 Lb - 108978"
            }
        ],
        "sku": "108978",
        "upc": "108978",
        "quantity_package_info": "2 Eaches",
        "dimensions": "L 1\" x W 1\" x H 1\"",
        "weight": "5 lbs",
        "table_caption": "Product information or packaging displayed may not be current or complete. *Actual weight may vary based on seasonality and other factors.",
        "proposition_65_warning": "Warning: This product can expose you to chemicals including arsenic, which is known to the State of California to cause cancer. For more information, go to www.P65Warnings.ca.gov",
        "related_products": [],
        "other_like_products": [
            "https://shop.kimelo.com//sku/cheese-provolone-sliced-8-15-lb-103601/103601",
            "https://shop.kimelo.com//sku/cheese-cheddar-shredded-fancy-mild-4-106832/106832",
            "https://shop.kimelo.com//sku/cheese-cheddar-mild-loaf-8-5-lb-103670/103670",
            "https://shop.kimelo.com//sku/cheese-ricotta-4-5lb-108718/108718",
            "https://shop.kimelo.com//sku/cheese-cheddar-mild-sliced-8-103600/103600",
            "https://shop.kimelo.com//sku/cheese-cheddar-sharp-slcd-interleaf-075-oz-8-103603/103603",
            "https://shop.kimelo.com//sku/cheese-cream-loaf-philadelphia-6-3-lb-103663/103663",
            "https://shop.kimelo.com//sku/cheese-mascarpone-tub-belgioioso-4-5-lb-107599/107599",
            "https://shop.kimelo.com//sku/cheese-cheddar-medium-loaf-2-5lb-106815/106815",
            "https://shop.kimelo.com//sku/cheese-provolone-sliced-8-15-lb-103601/103601",
            "https://shop.kimelo.com//sku/cheese-cheddar-shredded-fancy-mild-4-106832/106832",
            "https://shop.kimelo.com//sku/cheese-cheddar-mild-loaf-8-5-lb-103670/103670",
            "https://shop.kimelo.com//sku/cheese-ricotta-4-5lb-108718/108718",
            "https://shop.kimelo.com//sku/cheese-cheddar-mild-sliced-8-103600/103600",
            "https://shop.kimelo.com//sku/cheese-cheddar-sharp-slcd-interleaf-075-oz-8-103603/103603",
            "https://shop.kimelo.com//sku/cheese-cream-loaf-philadelphia-6-3-lb-103663/103663",
            "https://shop.kimelo.com//sku/cheese-mascarpone-tub-belgioioso-4-5-lb-107599/107599",
            "https://shop.kimelo.com//sku/cheese-cheddar-medium-loaf-2-5lb-106815/106815",
            "https://shop.kimelo.com//sku/cheese-provolone-sliced-8-15-lb-103601/103601",
            "https://shop.kimelo.com//sku/cheese-cheddar-shredded-fancy-mild-4-106832/106832",
            "https://shop.kimelo.com//sku/cheese-cheddar-mild-loaf-8-5-lb-103670/103670",
            "https://shop.kimelo.com//sku/cheese-ricotta-4-5lb-108718/108718",
            "https://shop.kimelo.com//sku/cheese-cheddar-mild-sliced-8-103600/103600",
            "https://shop.kimelo.com//sku/cheese-cheddar-sharp-slcd-interleaf-075-oz-8-103603/103603"
        ]
    },
    {
        "product_detail_url": "https://shop.kimelo.com/sku/cheese-saganaki-hard-greek-import-7-lb-avg-6-125801/373628",
        "image_url": "https://d3tlizm80tjdt4.cloudfront.net/remote_images/image/8993/small/e5e6885ff13c2fe97bc05df189a3c03c0339d2260d615749a9.jpg",
        "product_name": "Cheese, Saganaki, Hard, Greek, Import, 7 Lb Avg (6) 125801",
        "product_code_from_url": "373628",
        "brand": "Metsobo A.e.",
        "price": "$68.53",
        "unit_price": "$68.53/Lb",
        "status": "IN STOCK",
        "product_name_detail": "Cheese, Saganaki, Hard, Greek, Import, 7 Lb Avg (6) 125801",
        "brand_supplier_detail": "Metsobo A.e.",
        "categories": "Cheese / Sliced Cheese",
        "detail_page_main_image_url": "https://d3tlizm80tjdt4.cloudfront.net/remote_images/image/8993/large/6646c2ecbc5a9a92d42f994b6827e3c26b37b72cb136d18279.jpg",
        "detail_page_main_image_alt": "Cheese, Saganaki, Hard, Greek, Import, 7 Lb Avg (6) 125801",
        "detail_page_thumbnail_images": [
            {
                "url": "https://d3tlizm80tjdt4.cloudfront.net/remote_images/image/8993/small/e5e6885ff13c2fe97bc05df189a3c03c0339d2260d615749a9.jpg",
                "alt": "Cheese, Saganaki, Hard, Greek, Import, 7 Lb Avg (6) 125801"
            }
        ],
        "sku": "373628",
        "upc": "373628",
        "quantity_package_info": "6 Eaches",
        "dimensions": "L 1\" x W 1\" x H 1\"",
        "weight": "42 lbs",
        "table_caption": "Product information or packaging displayed may not be current or complete. *Actual weight may vary based on seasonality and other factors.",
        "proposition_65_warning": "Warning: This product can expose you to chemicals including arsenic, which is known to the State of California to cause cancer. For more information, go to www.P65Warnings.ca.gov",
        "related_products": [],
        "other_like_products": [
            "https://shop.kimelo.com//sku/cheese-gruyere-imported-loaf-2-5-lb-108978/108978",
            "https://shop.kimelo.com//sku/cheese-american-120-slice-yellow-4-5-lb-103674/103674",
            "https://shop.kimelo.com//sku/cheese-swiss-sliced-processed-120-ct-4-5-lb-100014/100014",
            "https://shop.kimelo.com//sku/cheese-cheddar-sharp-white-10-lb-111680/111680",
            "https://shop.kimelo.com//sku/cheese-swiss-sliced-8-15-lb-103602/103602",
            "https://shop.kimelo.com//sku/cheese-jack-pepper-sliced-8-15-lb-124829/124829",
            "https://shop.kimelo.com//sku/cheese-halloumi-tradition-greek-import-4088-oz-124144/124144",
            "https://shop.kimelo.com//sku/cheese-paneer-gopi-1514-oz-124005/124005",
            "https://shop.kimelo.com//sku/cheese-pecorino-romano-14-lb-124109/124109",
            "https://shop.kimelo.com//sku/cheese-gruyere-imported-loaf-2-5-lb-108978/108978",
            "https://shop.kimelo.com//sku/cheese-american-120-slice-yellow-4-5-lb-103674/103674",
            "https://shop.kimelo.com//sku/cheese-swiss-sliced-processed-120-ct-4-5-lb-100014/100014",
            "https://shop.kimelo.com//sku/cheese-cheddar-sharp-white-10-lb-111680/111680",
            "https://shop.kimelo.com//sku/cheese-swiss-sliced-8-15-lb-103602/103602",
            "https://shop.kimelo.com//sku/cheese-jack-pepper-sliced-8-15-lb-124829/124829",
            "https://shop.kimelo.com//sku/cheese-halloumi-tradition-greek-import-4088-oz-124144/124144",
            "https://shop.kimelo.com//sku/cheese-paneer-gopi-1514-oz-124005/124005",
            "https://shop.kimelo.com//sku/cheese-pecorino-romano-14-lb-124109/124109",
            "https://shop.kimelo.com//sku/cheese-gruyere-imported-loaf-2-5-lb-108978/108978",
            "https://shop.kimelo.com//sku/cheese-american-120-slice-yellow-4-5-lb-103674/103674",
            "https://shop.kimelo.com//sku/cheese-swiss-sliced-processed-120-ct-4-5-lb-100014/100014",
            "https://shop.kimelo.com//sku/cheese-cheddar-sharp-white-10-lb-111680/111680",
            "https://shop.kimelo.com//sku/cheese-swiss-sliced-8-15-lb-103602/103602",
            "https://shop.kimelo.com//sku/cheese-jack-pepper-sliced-8-15-lb-124829/124829"
        ]
    },
    {
        "product_detail_url": "https://shop.kimelo.com/sku/cheese-blend-mozz-wm-ps-premio-shred-65-lb-112492/112492",
        "image_url": "https://d3tlizm80tjdt4.cloudfront.net/image/13860/image/sm-1505a5e7aa7570e69e7ca77cf4c49a97.png",
        "product_name": "Cheese, Blend, Mozz, Wm & Ps, Premio Shred, 6/5 Lb - 112492",
        "product_code_from_url": "112492",
        "brand": "Galbani Premio",
        "price": "$101.51",
        "unit_price": "$3.38/lb",
        "status": "IN STOCK",
        "product_name_detail": "Cheese, Blend, Mozz, Wm & Ps, Premio Shred, 6/5 Lb",
        "item_number_from_name": "112492",
        "brand_supplier_detail": "Galbani Premio",
        "categories": "Cheese / Shredded Cheese",
        "detail_page_main_image_url": "https://d3tlizm80tjdt4.cloudfront.net/image/13860/image/lg-da3987bf1d2daae7ac0318aec35ed8c3.png",
        "detail_page_main_image_alt": "Cheese, Blend, Mozz, Wm & Ps, Premio Shred, 6/5 Lb - 112492",
        "detail_page_thumbnail_images": [
            {
                "url": "https://d3tlizm80tjdt4.cloudfront.net/image/13860/image/sm-1505a5e7aa7570e69e7ca77cf4c49a97.png",
                "alt": "Cheese, Blend, Mozz, Wm & Ps, Premio Shred, 6/5 Lb - 112492"
            }
        ],
        "sku": "112492",
        "upc": "112492",
        "quantity_package_info": "1 Item",
        "dimensions": "L 1\" x W 1\" x H 1\"",
        "weight": "30 lbs",
        "table_caption": "Product information or packaging displayed may not be current or complete. *Actual weight may vary based on seasonality and other factors.",
        "proposition_65_warning": "Warning: This product can expose you to chemicals including arsenic, which is known to the State of California to cause cancer. For more information, go to www.P65Warnings.ca.gov",
        "related_products": [],
        "other_like_products": [
            "https://shop.kimelo.com//sku/cheese-pepperjack-feather-shred-45-lb-123794/123794",
            "https://shop.kimelo.com//sku/cheese-cheddar-mild-loaf-8-5-lb-103670/103670",
            "https://shop.kimelo.com//sku/cheese-monterey-jack-sliced-8-15-lb-103599/103599",
            "https://shop.kimelo.com//sku/cheese-shredded-jack-cheddar-blend-fancy-4-5-lb-103664/103664",
            "https://shop.kimelo.com//sku/cheese-cheddar-shredded-fancy-mild-4-106832/106832",
            "https://shop.kimelo.com//sku/cheese-monterey-jack-shredded-fancy-4-5-lb-108930/108930",
            "https://shop.kimelo.com//sku/cheese-asiago-shredded-6-5-lb-111711/111711",
            "https://shop.kimelo.com//sku/cheese-5-blend-moz-wmlmlmpsprovparmroma-65-lb-123784/123784",
            "https://shop.kimelo.com//sku/appetizer-mozzarella-sticks-breaded-italian-43-lb-110439/110439",
            "https://shop.kimelo.com//sku/cheese-parmesan-shaved-4-5-lb-106816/106816",
            "https://shop.kimelo.com//sku/cheese-pepperjack-feather-shred-45-lb-123794/123794",
            "https://shop.kimelo.com//sku/cheese-cheddar-mild-loaf-8-5-lb-103670/103670",
            "https://shop.kimelo.com//sku/cheese-monterey-jack-sliced-8-15-lb-103599/103599",
            "https://shop.kimelo.com//sku/cheese-shredded-jack-cheddar-blend-fancy-4-5-lb-103664/103664",
            "https://shop.kimelo.com//sku/cheese-cheddar-shredded-fancy-mild-4-106832/106832",
            "https://shop.kimelo.com//sku/cheese-monterey-jack-shredded-fancy-4-5-lb-108930/108930",
            "https://shop.kimelo.com//sku/cheese-asiago-shredded-6-5-lb-111711/111711",
            "https://shop.kimelo.com//sku/cheese-5-blend-moz-wmlmlmpsprovparmroma-65-lb-123784/123784",
            "https://shop.kimelo.com//sku/appetizer-mozzarella-sticks-breaded-italian-43-lb-110439/110439",
            "https://shop.kimelo.com//sku/cheese-parmesan-shaved-4-5-lb-106816/106816",
            "https://shop.kimelo.com//sku/cheese-pepperjack-feather-shred-45-lb-123794/123794",
            "https://shop.kimelo.com//sku/cheese-cheddar-mild-loaf-8-5-lb-103670/103670",
            "https://shop.kimelo.com//sku/cheese-monterey-jack-sliced-8-15-lb-103599/103599",
            "https://shop.kimelo.com//sku/cheese-shredded-jack-cheddar-blend-fancy-4-5-lb-103664/103664",
            "https://shop.kimelo.com//sku/cheese-cheddar-shredded-fancy-mild-4-106832/106832",
            "https://shop.kimelo.com//sku/cheese-monterey-jack-shredded-fancy-4-5-lb-108930/108930"
        ]
    },
    {
        "product_detail_url": "https://shop.kimelo.com/sku/cheese-parmesan-wheel-usa-20-lb-avg-112306/112306",
        "image_url": "https://d3tlizm80tjdt4.cloudfront.net/image/12274/image/sm-64a4aa1bc8ce6d4a0e316c4b84cca0b9.png",
        "product_name": "Cheese, Parmesan, Wheel, Usa, 20 Lb Avg - 112306",
        "product_code_from_url": "112306",
        "brand": "Galbani",
        "price": "$111.67",
        "unit_price": "$5.58/lb",
        "status": "IN STOCK",
        "product_name_detail": "Cheese, Parmesan, Wheel, Usa, 20 Lb Avg",
        "item_number_from_name": "112306",
        "brand_supplier_detail": "Galbani",
        "categories": "Cheese / Cheese Wheel",
        "detail_page_main_image_url": "https://d3tlizm80tjdt4.cloudfront.net/image/12274/image/lg-d2cbdaa6bb91169eeeb71a18591ff5f2.png",
        "detail_page_main_image_alt": "Cheese, Parmesan, Wheel, Usa, 20 Lb Avg - 112306",
        "detail_page_thumbnail_images": [
            {
                "url": "https://d3tlizm80tjdt4.cloudfront.net/image/12274/image/sm-64a4aa1bc8ce6d4a0e316c4b84cca0b9.png",
                "alt": "Cheese, Parmesan, Wheel, Usa, 20 Lb Avg - 112306"
            }
        ],
        "sku": "112306",
        "upc": "112306",
        "quantity_package_info": "1 Item",
        "dimensions": "L 1\" x W 1\" x H 1\"",
        "weight": "20 lbs",
        "table_caption": "Product information or packaging displayed may not be current or complete. *Actual weight may vary based on seasonality and other factors.",
        "proposition_65_warning": "Warning: This product can expose you to chemicals including arsenic, which is known to the State of California to cause cancer. For more information, go to www.P65Warnings.ca.gov",
        "related_products": [
            "https://shop.kimelo.com//sku/cheese-parmesan-shaved-4-5-lb-106816/106816",
            "https://shop.kimelo.com//sku/cheese-parmesan-grated-imported-4-5-lb-111522/111522"
        ],
        "other_like_products": []
    },
    {
        "product_detail_url": "https://shop.kimelo.com/sku/cheese-cream-loaf-103-lb-112699/112699",
        "image_url": "https://d3tlizm80tjdt4.cloudfront.net/image/13945/image/sm-beec542c40fb4977939baab11abd9a9c.png",
        "product_name": "Cheese, Cream, Loaf, 10/3 Lb - 112699",
        "product_code_from_url": "112699",
        "brand": "Raskas",
        "price": "$85.56",
        "unit_price": "$2.85/lb",
        "status": "IN STOCK",
        "product_name_detail": "Cheese, Cream, Loaf, 10/3 Lb",
        "item_number_from_name": "112699",
        "brand_supplier_detail": "Raskas",
        "categories": "Cheese / Cheese Loaf",
        "detail_page_main_image_url": "https://d3tlizm80tjdt4.cloudfront.net/image/13945/image/lg-715c1512675e1a5f8706df3a400b60d7.png",
        "detail_page_main_image_alt": "Cheese, Cream, Loaf, 10/3 Lb - 112699",
        "detail_page_thumbnail_images": [
            {
                "url": "https://d3tlizm80tjdt4.cloudfront.net/image/13945/image/sm-beec542c40fb4977939baab11abd9a9c.png",
                "alt": "Cheese, Cream, Loaf, 10/3 Lb - 112699"
            },
            {
                "url": "https://d3tlizm80tjdt4.cloudfront.net/image/13946/image/sm-732bba78fb4923d20761d47925268dcd.png",
                "alt": "Cheese, Cream, Loaf, 10/3 Lb - 112699"
            }
        ],
        "sku": "112699",
        "upc": "112699",
        "quantity_package_info": "1 Item",
        "dimensions": "L 1\" x W 1\" x H 1\"",
        "weight": "30 lbs",
        "table_caption": "Product information or packaging displayed may not be current or complete. *Actual weight may vary based on seasonality and other factors.",
        "proposition_65_warning": "Warning: This product can expose you to chemicals including arsenic, which is known to the State of California to cause cancer. For more information, go to www.P65Warnings.ca.gov",
        "related_products": [
            "https://shop.kimelo.com//sku/cheese-cream-bulk-30-lb-103662/103662",
            "https://shop.kimelo.com//sku/cheese-cream-loaf-philadelphia-6-3-lb-103663/103663"
        ],
        "other_like_products": []
    },
    {
        "product_detail_url": "https://shop.kimelo.com/sku/cheese-cheddar-medium-loaf-2-5lb-106815/106815",
        "image_url": "https://d3tlizm80tjdt4.cloudfront.net/image/2254/image/sm-cd0c941b11ba4b342c17c421fe3e4d95.jpeg",
        "product_name": "Cheese, Cheddar, Medium, Loaf, (2) 5lb - 106815",
        "product_code_from_url": "106815",
        "brand": "Tillamook",
        "price": "$30.08",
        "unit_price": "$6.02/lb",
        "status": "IN STOCK",
        "product_name_detail": "Cheese, Cheddar, Medium, Loaf, (2) 5lb",
        "item_number_from_name": "106815",
        "brand_supplier_detail": "Tillamook",
        "categories": "Cheese / Cheese Loaf",
        "detail_page_main_image_url": "https://d3tlizm80tjdt4.cloudfront.net/image/2254/image/lg-f76af0fe8ef58e6763a1b7a579ce97c1.jpeg",
        "detail_page_main_image_alt": "Cheese, Cheddar, Medium, Loaf, (2) 5lb - 106815",
        "detail_page_thumbnail_images": [
            {
                "url": "https://d3tlizm80tjdt4.cloudfront.net/image/2254/image/sm-cd0c941b11ba4b342c17c421fe3e4d95.jpeg",
                "alt": "Cheese, Cheddar, Medium, Loaf, (2) 5lb - 106815"
            }
        ],
        "sku": "106815",
        "upc": "106815",
        "quantity_package_info": "2 Eaches",
        "dimensions": "L 1\" x W 1\" x H 1\"",
        "weight": "5 lbs",
        "table_caption": "Product information or packaging displayed may not be current or complete. *Actual weight may vary based on seasonality and other factors.",
        "proposition_65_warning": "Warning: This product can expose you to chemicals including arsenic, which is known to the State of California to cause cancer. For more information, go to www.P65Warnings.ca.gov",
        "related_products": [
            "https://shop.kimelo.com//sku/cheese-cheddar-mild-loaf-8-5-lb-103670/103670"
        ],
        "other_like_products": [
            "https://shop.kimelo.com//sku/cheese-monterey-jack-sliced-8-15-lb-103599/103599",
            "https://shop.kimelo.com//sku/cheese-monterey-jack-block-40-lb-avg-103562/103562",
            "https://shop.kimelo.com//sku/cheese-parmesan-shaved-4-5-lb-106816/106816",
            "https://shop.kimelo.com//sku/cheese-cheddar-shredded-fancy-mild-4-106832/106832",
            "https://shop.kimelo.com//sku/cheese-cheddar-sharp-slcd-interleaf-075-oz-8-103603/103603",
            "https://shop.kimelo.com//sku/cheese-monterey-jack-shredded-fancy-4-5-lb-108930/108930",
            "https://shop.kimelo.com//sku/cheese-gruyere-imported-loaf-2-5-lb-108978/108978",
            "https://shop.kimelo.com//sku/cheese-cream-loaf-philadelphia-6-3-lb-103663/103663",
            "https://shop.kimelo.com//sku/cheese-swiss-sliced-8-15-lb-103602/103602",
            "https://shop.kimelo.com//sku/cheese-cheddar-mild-loaf-8-5-lb-103670/103670",
            "https://shop.kimelo.com//sku/cheese-american-120-slice-yellow-4-5-lb-103674/103674",
            "https://shop.kimelo.com//sku/cheese-swiss-sliced-processed-120-ct-4-5-lb-100014/100014",
            "https://shop.kimelo.com//sku/cheese-cheddar-mild-sliced-8-103600/103600",
            "https://shop.kimelo.com//sku/cheese-monterey-jack-loaf-2-5-lb-107600/107600",
            "https://shop.kimelo.com//sku/cheese-pepper-jack-loaf-8-103672/103672",
            "https://shop.kimelo.com//sku/cheese-provolone-sliced-8-15-lb-103601/103601",
            "https://shop.kimelo.com//sku/cheese-monterey-jack-sliced-8-15-lb-103599/103599",
            "https://shop.kimelo.com//sku/cheese-monterey-jack-block-40-lb-avg-103562/103562",
            "https://shop.kimelo.com//sku/cheese-parmesan-shaved-4-5-lb-106816/106816",
            "https://shop.kimelo.com//sku/cheese-cheddar-shredded-fancy-mild-4-106832/106832",
            "https://shop.kimelo.com//sku/cheese-cheddar-sharp-slcd-interleaf-075-oz-8-103603/103603",
            "https://shop.kimelo.com//sku/cheese-monterey-jack-shredded-fancy-4-5-lb-108930/108930",
            "https://shop.kimelo.com//sku/cheese-gruyere-imported-loaf-2-5-lb-108978/108978",
            "https://shop.kimelo.com//sku/cheese-cream-loaf-philadelphia-6-3-lb-103663/103663",
            "https://shop.kimelo.com//sku/cheese-swiss-sliced-8-15-lb-103602/103602",
            "https://shop.kimelo.com//sku/cheese-cheddar-mild-loaf-8-5-lb-103670/103670",
            "https://shop.kimelo.com//sku/cheese-american-120-slice-yellow-4-5-lb-103674/103674",
            "https://shop.kimelo.com//sku/cheese-swiss-sliced-processed-120-ct-4-5-lb-100014/100014",
            "https://shop.kimelo.com//sku/cheese-cheddar-mild-sliced-8-103600/103600",
            "https://shop.kimelo.com//sku/cheese-monterey-jack-loaf-2-5-lb-107600/107600",
            "https://shop.kimelo.com//sku/cheese-pepper-jack-loaf-8-103672/103672",
            "https://shop.kimelo.com//sku/cheese-provolone-sliced-8-15-lb-103601/103601",
            "https://shop.kimelo.com//sku/cheese-monterey-jack-sliced-8-15-lb-103599/103599",
            "https://shop.kimelo.com//sku/cheese-monterey-jack-block-40-lb-avg-103562/103562",
            "https://shop.kimelo.com//sku/cheese-parmesan-shaved-4-5-lb-106816/106816",
            "https://shop.kimelo.com//sku/cheese-cheddar-shredded-fancy-mild-4-106832/106832",
            "https://shop.kimelo.com//sku/cheese-cheddar-sharp-slcd-interleaf-075-oz-8-103603/103603",
            "https://shop.kimelo.com//sku/cheese-monterey-jack-shredded-fancy-4-5-lb-108930/108930"
        ]
    },
    {
        "product_detail_url": "https://shop.kimelo.com/sku/cheese-monterey-jack-loaf-2-5-lb-107600/107600",
        "image_url": "https://d3tlizm80tjdt4.cloudfront.net/image/5981/image/sm-8006f8100c50aee751d5e74b228445bf.jpg",
        "product_name": "Cheese, Monterey Jack, Loaf, (2) 5 Lb - 107600",
        "product_code_from_url": "107600",
        "brand": "Packer",
        "price": "$18.45",
        "unit_price": "$3.69/lb",
        "status": "IN STOCK",
        "product_name_detail": "Cheese, Monterey Jack, Loaf, (2) 5 Lb",
        "item_number_from_name": "107600",
        "brand_supplier_detail": "Packer",
        "categories": "Cheese / Cheese Loaf",
        "detail_page_main_image_url": "https://d3tlizm80tjdt4.cloudfront.net/image/5924/image/lg-f30846043f76d95c622c1a2e30b3cc06.jpg",
        "detail_page_main_image_alt": "Cheese, Monterey Jack, Loaf, (2) 5 Lb - 107600",
        "detail_page_thumbnail_images": [
            {
                "url": "https://d3tlizm80tjdt4.cloudfront.net/image/5924/image/sm-a0e9d66341c1123c8815f8cc248af79b.jpg",
                "alt": "Cheese, Monterey Jack, Loaf, (2) 5 Lb - 107600"
            },
            {
                "url": "https://d3tlizm80tjdt4.cloudfront.net/image/5981/image/sm-8006f8100c50aee751d5e74b228445bf.jpg",
                "alt": "Cheese, Monterey Jack, Loaf, (2) 5 Lb - 107600"
            }
        ],
        "sku": "107600",
        "upc": "107600",
        "quantity_package_info": "2 Eaches",
        "dimensions": "L 1\" x W 1\" x H 1\"",
        "weight": "5 lbs",
        "table_caption": "Product information or packaging displayed may not be current or complete. *Actual weight may vary based on seasonality and other factors.",
        "proposition_65_warning": "Warning: This product can expose you to chemicals including arsenic, which is known to the State of California to cause cancer. For more information, go to www.P65Warnings.ca.gov",
        "related_products": [
            "https://shop.kimelo.com//sku/cheese-monterey-jack-block-40-lb-avg-103562/103562"
        ],
        "other_like_products": [
            "https://shop.kimelo.com//sku/cheese-cheddar-mild-loaf-8-5-lb-103670/103670",
            "https://shop.kimelo.com//sku/cheese-cheddar-shredded-fancy-mild-4-106832/106832",
            "https://shop.kimelo.com//sku/cheese-provolone-sliced-8-15-lb-103601/103601",
            "https://shop.kimelo.com//sku/cheese-cheddar-mild-sliced-8-103600/103600",
            "https://shop.kimelo.com//sku/cheese-cheddar-sharp-slcd-interleaf-075-oz-8-103603/103603",
            "https://shop.kimelo.com//sku/butter-solids-european-unsalted-36-1-lb-103494/103494",
            "https://shop.kimelo.com//sku/cheese-swiss-sliced-8-15-lb-103602/103602",
            "https://shop.kimelo.com//sku/cheese-cream-loaf-philadelphia-6-3-lb-103663/103663",
            "https://shop.kimelo.com//sku/cheese-pepper-jack-loaf-8-103672/103672",
            "https://shop.kimelo.com//sku/cheese-american-120-slice-yellow-4-5-lb-103674/103674",
            "https://shop.kimelo.com//sku/cheese-swiss-sliced-processed-120-ct-4-5-lb-100014/100014",
            "https://shop.kimelo.com//sku/cheese-cheddar-medium-loaf-2-5lb-106815/106815",
            "https://shop.kimelo.com//sku/cheese-monterey-jack-block-40-lb-avg-103562/103562",
            "https://shop.kimelo.com//sku/cheese-parmesan-shaved-4-5-lb-106816/106816",
            "https://shop.kimelo.com//sku/cheese-monterey-jack-shredded-fancy-4-5-lb-108930/108930",
            "https://shop.kimelo.com//sku/cheese-monterey-jack-sliced-8-15-lb-103599/103599",
            "https://shop.kimelo.com//sku/cheese-cheddar-mild-loaf-8-5-lb-103670/103670",
            "https://shop.kimelo.com//sku/cheese-cheddar-shredded-fancy-mild-4-106832/106832",
            "https://shop.kimelo.com//sku/cheese-provolone-sliced-8-15-lb-103601/103601",
            "https://shop.kimelo.com//sku/cheese-cheddar-mild-sliced-8-103600/103600",
            "https://shop.kimelo.com//sku/cheese-cheddar-sharp-slcd-interleaf-075-oz-8-103603/103603",
            "https://shop.kimelo.com//sku/butter-solids-european-unsalted-36-1-lb-103494/103494",
            "https://shop.kimelo.com//sku/cheese-swiss-sliced-8-15-lb-103602/103602",
            "https://shop.kimelo.com//sku/cheese-cream-loaf-philadelphia-6-3-lb-103663/103663",
            "https://shop.kimelo.com//sku/cheese-pepper-jack-loaf-8-103672/103672",
            "https://shop.kimelo.com//sku/cheese-american-120-slice-yellow-4-5-lb-103674/103674",
            "https://shop.kimelo.com//sku/cheese-swiss-sliced-processed-120-ct-4-5-lb-100014/100014",
            "https://shop.kimelo.com//sku/cheese-cheddar-medium-loaf-2-5lb-106815/106815",
            "https://shop.kimelo.com//sku/cheese-monterey-jack-block-40-lb-avg-103562/103562",
            "https://shop.kimelo.com//sku/cheese-parmesan-shaved-4-5-lb-106816/106816",
            "https://shop.kimelo.com//sku/cheese-monterey-jack-shredded-fancy-4-5-lb-108930/108930",
            "https://shop.kimelo.com//sku/cheese-monterey-jack-sliced-8-15-lb-103599/103599",
            "https://shop.kimelo.com//sku/cheese-cheddar-mild-loaf-8-5-lb-103670/103670",
            "https://shop.kimelo.com//sku/cheese-cheddar-shredded-fancy-mild-4-106832/106832",
            "https://shop.kimelo.com//sku/cheese-provolone-sliced-8-15-lb-103601/103601",
            "https://shop.kimelo.com//sku/cheese-cheddar-mild-sliced-8-103600/103600",
            "https://shop.kimelo.com//sku/cheese-cheddar-sharp-slcd-interleaf-075-oz-8-103603/103603",
            "https://shop.kimelo.com//sku/butter-solids-european-unsalted-36-1-lb-103494/103494"
        ]
    },
    {
        "product_detail_url": "https://shop.kimelo.com/sku/cheese-kefalotyri-hard-wheel-greek-import-18-lb-avg-124125/124125",
        "image_url": "https://d3tlizm80tjdt4.cloudfront.net/remote_images/image/2228/small/f9ce4763fea7376f93257d4fc25b186ab2c423231574348ceb.jpg",
        "product_name": "Cheese, Kefalotyri, Hard, Wheel, Greek, Import, 18 Lb Avg 124125",
        "product_code_from_url": "124125",
        "brand": "Metsobo A.e.",
        "price": "$156.06",
        "unit_price": "$8.67/lb",
        "status": "IN STOCK",
        "product_name_detail": "Cheese, Kefalotyri, Hard, Wheel, Greek, Import, 18 Lb Avg 124125",
        "brand_supplier_detail": "Metsobo A.e.",
        "categories": "Cheese / Sliced Cheese",
        "detail_page_main_image_url": "https://d3tlizm80tjdt4.cloudfront.net/remote_images/image/2228/large/2460a484014ca0e8d75146e936c62d60b39979734f56154fd3.jpg",
        "detail_page_main_image_alt": "Cheese, Kefalotyri, Hard, Wheel, Greek, Import, 18 Lb Avg 124125",
        "detail_page_thumbnail_images": [
            {
                "url": "https://d3tlizm80tjdt4.cloudfront.net/remote_images/image/2228/small/f9ce4763fea7376f93257d4fc25b186ab2c423231574348ceb.jpg",
                "alt": "Cheese, Kefalotyri, Hard, Wheel, Greek, Import, 18 Lb Avg 124125"
            }
        ],
        "sku": "124125",
        "upc": "124125",
        "quantity_package_info": "1 Item",
        "dimensions": "L 1\" x W 1\" x H 1\"",
        "weight": "18 lbs",
        "table_caption": "Product information or packaging displayed may not be current or complete. *Actual weight may vary based on seasonality and other factors.",
        "proposition_65_warning": "Warning: This product can expose you to chemicals including arsenic, which is known to the State of California to cause cancer. For more information, go to www.P65Warnings.ca.gov",
        "related_products": [],
        "other_like_products": [
            "https://shop.kimelo.com//sku/cheese-swiss-sliced-8-15-lb-103602/103602",
            "https://shop.kimelo.com//sku/cheese-pecorino-romano-14-lb-124109/124109",
            "https://shop.kimelo.com//sku/cheese-monterey-jack-block-40-lb-avg-103562/103562",
            "https://shop.kimelo.com//sku/cheese-monterey-jack-sliced-8-15-lb-103599/103599",
            "https://shop.kimelo.com//sku/cheese-cheddar-mild-sliced-8-103600/103600",
            "https://shop.kimelo.com//sku/cheese-cheddar-medium-loaf-2-5lb-106815/106815",
            "https://shop.kimelo.com//sku/cheese-halloumi-tradition-greek-import-4088-oz-124144/124144",
            "https://shop.kimelo.com//sku/cheese-gruyere-imported-loaf-2-5-lb-108978/108978",
            "https://shop.kimelo.com//sku/cheese-american-120-slice-yellow-4-5-lb-103674/103674",
            "https://shop.kimelo.com//sku/cheese-provolone-sliced-8-15-lb-103601/103601",
            "https://shop.kimelo.com//sku/cheese-swiss-sliced-processed-120-ct-4-5-lb-100014/100014",
            "https://shop.kimelo.com//sku/cheese-paneer-gopi-1514-oz-124005/124005",
            "https://shop.kimelo.com//sku/cheese-swiss-sliced-8-15-lb-103602/103602",
            "https://shop.kimelo.com//sku/cheese-pecorino-romano-14-lb-124109/124109",
            "https://shop.kimelo.com//sku/cheese-monterey-jack-block-40-lb-avg-103562/103562",
            "https://shop.kimelo.com//sku/cheese-monterey-jack-sliced-8-15-lb-103599/103599",
            "https://shop.kimelo.com//sku/cheese-cheddar-mild-sliced-8-103600/103600",
            "https://shop.kimelo.com//sku/cheese-cheddar-medium-loaf-2-5lb-106815/106815",
            "https://shop.kimelo.com//sku/cheese-halloumi-tradition-greek-import-4088-oz-124144/124144",
            "https://shop.kimelo.com//sku/cheese-gruyere-imported-loaf-2-5-lb-108978/108978",
            "https://shop.kimelo.com//sku/cheese-american-120-slice-yellow-4-5-lb-103674/103674",
            "https://shop.kimelo.com//sku/cheese-provolone-sliced-8-15-lb-103601/103601",
            "https://shop.kimelo.com//sku/cheese-swiss-sliced-processed-120-ct-4-5-lb-100014/100014",
            "https://shop.kimelo.com//sku/cheese-paneer-gopi-1514-oz-124005/124005",
            "https://shop.kimelo.com//sku/cheese-swiss-sliced-8-15-lb-103602/103602",
            "https://shop.kimelo.com//sku/cheese-pecorino-romano-14-lb-124109/124109",
            "https://shop.kimelo.com//sku/cheese-monterey-jack-block-40-lb-avg-103562/103562",
            "https://shop.kimelo.com//sku/cheese-monterey-jack-sliced-8-15-lb-103599/103599",
            "https://shop.kimelo.com//sku/cheese-cheddar-mild-sliced-8-103600/103600",
            "https://shop.kimelo.com//sku/cheese-cheddar-medium-loaf-2-5lb-106815/106815"
        ]
    },
    {
        "product_detail_url": "https://shop.kimelo.com/sku/cheese-monterey-jack-block-40-lb-avg-103562/103562",
        "image_url": "https://d3tlizm80tjdt4.cloudfront.net/image/11519/image/sm-6f1eb10583921d3db8a9df08b378c1bd.jpeg",
        "product_name": "Cheese, Monterey Jack, Block, 40 Lb Avg - 103562",
        "product_code_from_url": "103562",
        "brand": "Packer",
        "price": "$112.00",
        "unit_price": "$2.80/lb",
        "status": "IN STOCK",
        "product_name_detail": "Cheese, Monterey Jack, Block, 40 Lb Avg",
        "item_number_from_name": "103562",
        "brand_supplier_detail": "Packer",
        "categories": "Cheese / Sliced Cheese",
        "detail_page_main_image_url": "https://d3tlizm80tjdt4.cloudfront.net/image/11519/image/lg-c55f52f0bf7feaf5c2ee3a4af046658b.jpeg",
        "detail_page_main_image_alt": "Cheese, Monterey Jack, Block, 40 Lb Avg - 103562",
        "detail_page_thumbnail_images": [
            {
                "url": "https://d3tlizm80tjdt4.cloudfront.net/image/11519/image/sm-6f1eb10583921d3db8a9df08b378c1bd.jpeg",
                "alt": "Cheese, Monterey Jack, Block, 40 Lb Avg - 103562"
            },
            {
                "url": "https://d3tlizm80tjdt4.cloudfront.net/image/11520/image/sm-0578768dbf3717cac7921cb4e7968f03.jpeg",
                "alt": "Cheese, Monterey Jack, Block, 40 Lb Avg - 103562"
            }
        ],
        "sku": "103562",
        "upc": "103562",
        "quantity_package_info": "1 Item",
        "dimensions": "L 1\" x W 1\" x H 1\"",
        "weight": "40 lbs",
        "table_caption": "Product information or packaging displayed may not be current or complete. *Actual weight may vary based on seasonality and other factors.",
        "proposition_65_warning": "Warning: This product can expose you to chemicals including arsenic, which is known to the State of California to cause cancer. For more information, go to www.P65Warnings.ca.gov",
        "related_products": [
            "https://shop.kimelo.com//sku/cheese-monterey-jack-loaf-2-5-lb-107600/107600"
        ],
        "other_like_products": [
            "https://shop.kimelo.com//sku/cheese-paneer-gopi-1514-oz-124005/124005",
            "https://shop.kimelo.com//sku/cheese-pecorino-romano-14-lb-124109/124109",
            "https://shop.kimelo.com//sku/cheese-gruyere-imported-loaf-2-5-lb-108978/108978",
            "https://shop.kimelo.com//sku/cheese-parmesan-shaved-4-5-lb-106816/106816",
            "https://shop.kimelo.com//sku/cheese-provolone-sliced-8-15-lb-103601/103601",
            "https://shop.kimelo.com//sku/cheese-cream-loaf-philadelphia-6-3-lb-103663/103663",
            "https://shop.kimelo.com//sku/cheese-american-120-slice-yellow-4-5-lb-103674/103674",
            "https://shop.kimelo.com//sku/cheese-halloumi-tradition-greek-import-4088-oz-124144/124144",
            "https://shop.kimelo.com//sku/cheese-swiss-sliced-processed-120-ct-4-5-lb-100014/100014",
            "https://shop.kimelo.com//sku/cheese-swiss-sliced-8-15-lb-103602/103602",
            "https://shop.kimelo.com//sku/cheese-pepper-jack-loaf-8-103672/103672",
            "https://shop.kimelo.com//sku/cheese-monterey-jack-sliced-8-15-lb-103599/103599",
            "https://shop.kimelo.com//sku/cheese-paneer-gopi-1514-oz-124005/124005",
            "https://shop.kimelo.com//sku/cheese-pecorino-romano-14-lb-124109/124109",
            "https://shop.kimelo.com//sku/cheese-gruyere-imported-loaf-2-5-lb-108978/108978",
            "https://shop.kimelo.com//sku/cheese-parmesan-shaved-4-5-lb-106816/106816",
            "https://shop.kimelo.com//sku/cheese-provolone-sliced-8-15-lb-103601/103601",
            "https://shop.kimelo.com//sku/cheese-cream-loaf-philadelphia-6-3-lb-103663/103663",
            "https://shop.kimelo.com//sku/cheese-american-120-slice-yellow-4-5-lb-103674/103674",
            "https://shop.kimelo.com//sku/cheese-halloumi-tradition-greek-import-4088-oz-124144/124144",
            "https://shop.kimelo.com//sku/cheese-swiss-sliced-processed-120-ct-4-5-lb-100014/100014",
            "https://shop.kimelo.com//sku/cheese-swiss-sliced-8-15-lb-103602/103602",
            "https://shop.kimelo.com//sku/cheese-pepper-jack-loaf-8-103672/103672",
            "https://shop.kimelo.com//sku/cheese-monterey-jack-sliced-8-15-lb-103599/103599",
            "https://shop.kimelo.com//sku/cheese-paneer-gopi-1514-oz-124005/124005",
            "https://shop.kimelo.com//sku/cheese-pecorino-romano-14-lb-124109/124109",
            "https://shop.kimelo.com//sku/cheese-gruyere-imported-loaf-2-5-lb-108978/108978",
            "https://shop.kimelo.com//sku/cheese-parmesan-shaved-4-5-lb-106816/106816",
            "https://shop.kimelo.com//sku/cheese-provolone-sliced-8-15-lb-103601/103601",
            "https://shop.kimelo.com//sku/cheese-cream-loaf-philadelphia-6-3-lb-103663/103663"
        ]
    },
    {
        "product_detail_url": "https://shop.kimelo.com/sku/cheese-feta-french-pail-valbreso-18-lb-avg-123797/123797",
        "image_url": "https://d3tlizm80tjdt4.cloudfront.net/image/17988/image/sm-82414835d395197c5f8390f295a0f0fe.jpg",
        "product_name": "Cheese, Feta, French, Pail, Valbreso, 18 Lb Avg - 123797",
        "product_code_from_url": "123797",
        "brand": "Valbreso",
        "price": "$125.10",
        "unit_price": "$6.95/lb",
        "status": "IN STOCK",
        "product_name_detail": "Cheese, Feta, French, Pail, Valbreso, 18 Lb Avg",
        "item_number_from_name": "123797",
        "brand_supplier_detail": "Valbreso",
        "categories": "Cheese / Specialty Cheese",
        "detail_page_main_image_url": "https://d3tlizm80tjdt4.cloudfront.net/image/17988/image/lg-662bf858b26f1c8424e94cb0c8c27cb8.jpg",
        "detail_page_main_image_alt": "Cheese, Feta, French, Pail, Valbreso, 18 Lb Avg - 123797",
        "detail_page_thumbnail_images": [
            {
                "url": "https://d3tlizm80tjdt4.cloudfront.net/image/17988/image/sm-82414835d395197c5f8390f295a0f0fe.jpg",
                "alt": "Cheese, Feta, French, Pail, Valbreso, 18 Lb Avg - 123797"
            }
        ],
        "sku": "123797",
        "upc": "123797",
        "quantity_package_info": "1 Item",
        "dimensions": "L 1\" x W 1\" x H 1\"",
        "weight": "18 lbs",
        "table_caption": "Product information or packaging displayed may not be current or complete. *Actual weight may vary based on seasonality and other factors.",
        "proposition_65_warning": "Warning: This product can expose you to chemicals including arsenic, which is known to the State of California to cause cancer. For more information, go to www.P65Warnings.ca.gov",
        "related_products": [],
        "other_like_products": [
            "https://shop.kimelo.com//sku/cheese-feta-in-brine-pail-2-8-lb-124284/124284",
            "https://shop.kimelo.com//sku/cheese-ricotta-4-5lb-108718/108718",
            "https://shop.kimelo.com//sku/cheese-mozzarella-fresh-loaf-sliced-61-lb-123535/123535",
            "https://shop.kimelo.com//sku/cheese-mozzarella-wmlm-feather-shred-nb-45-lb-124254/124254",
            "https://shop.kimelo.com//sku/cheese-indian-paneer-bulk-fresh-loaf-4-109240/109240",
            "https://shop.kimelo.com//sku/cheese-goat-chefs-chevre-tub-2-4-lb-103638/103638",
            "https://shop.kimelo.com//sku/cheese-mascarpone-tub-belgioioso-4-5-lb-107599/107599",
            "https://shop.kimelo.com//sku/cheese-queso-fresco-casero-bulk-12-lbs-112596/112596",
            "https://shop.kimelo.com//sku/cheese-mozzarella-fresh-ovoline-galbani-23-lb-123382/123382",
            "https://shop.kimelo.com//sku/cheese-feta-crumbles-president-25-lb-123341/123341",
            "https://shop.kimelo.com//sku/cheese-feta-rbst-free-estia-24-lb-124006/124006",
            "https://shop.kimelo.com//sku/cheese-feta-in-brine-pail-2-8-lb-124284/124284",
            "https://shop.kimelo.com//sku/cheese-ricotta-4-5lb-108718/108718",
            "https://shop.kimelo.com//sku/cheese-mozzarella-fresh-loaf-sliced-61-lb-123535/123535",
            "https://shop.kimelo.com//sku/cheese-mozzarella-wmlm-feather-shred-nb-45-lb-124254/124254",
            "https://shop.kimelo.com//sku/cheese-indian-paneer-bulk-fresh-loaf-4-109240/109240",
            "https://shop.kimelo.com//sku/cheese-goat-chefs-chevre-tub-2-4-lb-103638/103638",
            "https://shop.kimelo.com//sku/cheese-mascarpone-tub-belgioioso-4-5-lb-107599/107599",
            "https://shop.kimelo.com//sku/cheese-queso-fresco-casero-bulk-12-lbs-112596/112596",
            "https://shop.kimelo.com//sku/cheese-mozzarella-fresh-ovoline-galbani-23-lb-123382/123382",
            "https://shop.kimelo.com//sku/cheese-feta-crumbles-president-25-lb-123341/123341",
            "https://shop.kimelo.com//sku/cheese-feta-rbst-free-estia-24-lb-124006/124006",
            "https://shop.kimelo.com//sku/cheese-feta-in-brine-pail-2-8-lb-124284/124284",
            "https://shop.kimelo.com//sku/cheese-ricotta-4-5lb-108718/108718",
            "https://shop.kimelo.com//sku/cheese-mozzarella-fresh-loaf-sliced-61-lb-123535/123535",
            "https://shop.kimelo.com//sku/cheese-mozzarella-wmlm-feather-shred-nb-45-lb-124254/124254",
            "https://shop.kimelo.com//sku/cheese-indian-paneer-bulk-fresh-loaf-4-109240/109240",
            "https://shop.kimelo.com//sku/cheese-goat-chefs-chevre-tub-2-4-lb-103638/103638"
        ]
    },
    {
        "product_detail_url": "https://shop.kimelo.com/sku/cheese-feta-greek-sheep-112-kg-124849/342870",
        "image_url": "https://d3tlizm80tjdt4.cloudfront.net/remote_images/image/13368/small/1407ffca973704e384634cd27285dbec2bccd8ea94f56171e1.jpg",
        "product_name": "Cheese, Feta, Greek, Sheep, 1/12 Kg 124849",
        "product_code_from_url": "342870",
        "brand": "Kolios",
        "price": "$162.00",
        "unit_price": "N/A",
        "status": "IN STOCK",
        "product_name_detail": "Cheese, Feta, Greek, Sheep, 1/12 Kg 124849",
        "brand_supplier_detail": "Kolios",
        "categories": "Cheese / Specialty Cheese",
        "detail_page_main_image_url": "https://d3tlizm80tjdt4.cloudfront.net/remote_images/image/13368/large/3de91a4a4f6db1a981545894c8b582753ae7332cca26f07a08.jpg",
        "detail_page_main_image_alt": "Cheese, Feta, Greek, Sheep, 1/12 Kg 124849",
        "detail_page_thumbnail_images": [
            {
                "url": "https://d3tlizm80tjdt4.cloudfront.net/remote_images/image/13368/small/1407ffca973704e384634cd27285dbec2bccd8ea94f56171e1.jpg",
                "alt": "Cheese, Feta, Greek, Sheep, 1/12 Kg 124849"
            }
        ],
        "sku": "342870",
        "upc": "342870",
        "quantity_package_info": "1 Item",
        "dimensions": "L 1\" x W 1\" x H 1\"",
        "weight": "15 lbs",
        "table_caption": "Product information or packaging displayed may not be current or complete. *Actual weight may vary based on seasonality and other factors.",
        "proposition_65_warning": "Warning: This product can expose you to chemicals including arsenic, which is known to the State of California to cause cancer. For more information, go to www.P65Warnings.ca.gov",
        "related_products": [],
        "other_like_products": [
            "https://shop.kimelo.com//sku/cheese-mascarpone-tub-belgioioso-4-5-lb-107599/107599",
            "https://shop.kimelo.com//sku/cheese-feta-sheepgoat-imported-ziria-14-kg-124111/124111",
            "https://shop.kimelo.com//sku/cheese-feta-french-pail-valbreso-18-lb-avg-123797/123797",
            "https://shop.kimelo.com//sku/cheese-feta-in-brine-pail-2-8-lb-124284/124284",
            "https://shop.kimelo.com//sku/cheese-goat-crumbled-22-lb-123365/123365",
            "https://shop.kimelo.com//sku/cheese-feta-rbst-free-estia-24-lb-124006/124006",
            "https://shop.kimelo.com//sku/cheese-feta-crumbles-president-25-lb-123341/123341",
            "https://shop.kimelo.com//sku/cheese-queso-fresco-casero-bulk-12-lbs-112596/112596",
            "https://shop.kimelo.com//sku/cheese-mascarpone-tub-belgioioso-4-5-lb-107599/107599",
            "https://shop.kimelo.com//sku/cheese-feta-sheepgoat-imported-ziria-14-kg-124111/124111",
            "https://shop.kimelo.com//sku/cheese-feta-french-pail-valbreso-18-lb-avg-123797/123797",
            "https://shop.kimelo.com//sku/cheese-feta-in-brine-pail-2-8-lb-124284/124284",
            "https://shop.kimelo.com//sku/cheese-goat-crumbled-22-lb-123365/123365",
            "https://shop.kimelo.com//sku/cheese-feta-rbst-free-estia-24-lb-124006/124006",
            "https://shop.kimelo.com//sku/cheese-feta-crumbles-president-25-lb-123341/123341",
            "https://shop.kimelo.com//sku/cheese-queso-fresco-casero-bulk-12-lbs-112596/112596",
            "https://shop.kimelo.com//sku/cheese-mascarpone-tub-belgioioso-4-5-lb-107599/107599",
            "https://shop.kimelo.com//sku/cheese-feta-sheepgoat-imported-ziria-14-kg-124111/124111",
            "https://shop.kimelo.com//sku/cheese-feta-french-pail-valbreso-18-lb-avg-123797/123797",
            "https://shop.kimelo.com//sku/cheese-feta-in-brine-pail-2-8-lb-124284/124284",
            "https://shop.kimelo.com//sku/cheese-goat-crumbled-22-lb-123365/123365",
            "https://shop.kimelo.com//sku/cheese-feta-rbst-free-estia-24-lb-124006/124006"
        ]
    },
    {
        "product_detail_url": "https://shop.kimelo.com/sku/cheese-asiago-shredded-6-5-lb-111711/111711",
        "image_url": "https://d3tlizm80tjdt4.cloudfront.net/image/11540/image/sm-dc389e1a3b99419ba379e3fb3916db94.png",
        "product_name": "Cheese, Asiago, Shredded, (6) 5 Lb - 111711",
        "product_code_from_url": "111711",
        "brand": "Galbani",
        "price": "$26.06",
        "unit_price": "$5.21/lb",
        "status": "IN STOCK",
        "product_name_detail": "Cheese, Asiago, Shredded, (6) 5 Lb",
        "item_number_from_name": "111711",
        "brand_supplier_detail": "Galbani",
        "categories": "Cheese / Shredded Cheese",
        "detail_page_main_image_url": "https://d3tlizm80tjdt4.cloudfront.net/image/11540/image/lg-b870d15c35b2be76668151c22ab73e96.png",
        "detail_page_main_image_alt": "Cheese, Asiago, Shredded, (6) 5 Lb - 111711",
        "detail_page_thumbnail_images": [
            {
                "url": "https://d3tlizm80tjdt4.cloudfront.net/image/11540/image/sm-dc389e1a3b99419ba379e3fb3916db94.png",
                "alt": "Cheese, Asiago, Shredded, (6) 5 Lb - 111711"
            }
        ],
        "sku": "111711",
        "upc": "111711",
        "quantity_package_info": "6 Eaches",
        "dimensions": "L 1\" x W 1\" x H 1\"",
        "weight": "5 lbs",
        "table_caption": "Product information or packaging displayed may not be current or complete. *Actual weight may vary based on seasonality and other factors.",
        "proposition_65_warning": "Warning: This product can expose you to chemicals including arsenic, which is known to the State of California to cause cancer. For more information, go to www.P65Warnings.ca.gov",
        "related_products": [
            "https://shop.kimelo.com//sku/cheese-parmesan-wheel-usa-20-lb-avg-112306/112306",
            "https://shop.kimelo.com//sku/cheese-parmesan-shaved-4-5-lb-106816/106816"
        ],
        "other_like_products": []
    },
    {
        "product_detail_url": "https://shop.kimelo.com/sku/cheese-cream-bulk-frozen-30-lb/374448",
        "image_url": "https://d3tlizm80tjdt4.cloudfront.net/remote_images/image/9503/small/c20e0679de38f6e24091a6d1a19b28f6ec8d244a5fb5adbe48.jpg",
        "product_name": "Cheese, Cream, Bulk, Frozen, 30 Lb",
        "product_code_from_url": "374448",
        "brand": "Packer",
        "price": "$44.92",
        "unit_price": "$1.50/Lb",
        "status": "IN STOCK",
        "product_name_detail": "Cheese, Cream, Bulk, Frozen, 30 Lb",
        "brand_supplier_detail": "Packer",
        "categories": "Cheese / Cream Cheese",
        "detail_page_main_image_url": "https://d3tlizm80tjdt4.cloudfront.net/remote_images/image/9503/large/bfb57eabef4a2608c6b0b8567574737a3d10916f1fee9bf0f7.jpg",
        "detail_page_main_image_alt": "Cheese, Cream, Bulk, Frozen, 30 Lb",
        "detail_page_thumbnail_images": [
            {
                "url": "https://d3tlizm80tjdt4.cloudfront.net/remote_images/image/9503/small/c20e0679de38f6e24091a6d1a19b28f6ec8d244a5fb5adbe48.jpg",
                "alt": "Cheese, Cream, Bulk, Frozen, 30 Lb"
            }
        ],
        "sku": "374448",
        "upc": "374448",
        "quantity_package_info": "1 Item",
        "dimensions": "L 1\" x W 1\" x H 1\"",
        "weight": "30 lbs",
        "table_caption": "Product information or packaging displayed may not be current or complete. *Actual weight may vary based on seasonality and other factors.",
        "proposition_65_warning": "Warning: This product can expose you to chemicals including arsenic, which is known to the State of California to cause cancer. For more information, go to www.P65Warnings.ca.gov",
        "related_products": [],
        "other_like_products": []
    },
    {
        "product_detail_url": "https://shop.kimelo.com/sku/cheese-mozzarella-fresh-loaf-thin-slice-61-lb-112545/112545",
        "image_url": "https://d3tlizm80tjdt4.cloudfront.net/image/13746/image/sm-6e810ecb0cadc532f8c04cabb747fdf2.png",
        "product_name": "Cheese, Mozzarella, Fresh, Loaf, Thin Slice, 6/1 Lb - 112545",
        "product_code_from_url": "112545",
        "brand": "Galbani",
        "price": "$34.55",
        "unit_price": "$5.76/lb",
        "status": "IN STOCK",
        "product_name_detail": "Cheese, Mozzarella, Fresh, Loaf, Thin Slice, 6/1 Lb",
        "item_number_from_name": "112545",
        "brand_supplier_detail": "Galbani",
        "categories": "Cheese / Cheese Loaf",
        "detail_page_main_image_url": "https://d3tlizm80tjdt4.cloudfront.net/image/13746/image/lg-26719fb08b38ad184379b9f2e10f968f.png",
        "detail_page_main_image_alt": "Cheese, Mozzarella, Fresh, Loaf, Thin Slice, 6/1 Lb - 112545",
        "detail_page_thumbnail_images": [
            {
                "url": "https://d3tlizm80tjdt4.cloudfront.net/image/13746/image/sm-6e810ecb0cadc532f8c04cabb747fdf2.png",
                "alt": "Cheese, Mozzarella, Fresh, Loaf, Thin Slice, 6/1 Lb - 112545"
            },
            {
                "url": "https://d3tlizm80tjdt4.cloudfront.net/remote_images/image/7206/small/cadf53e1327c3239a7357615e615e12fb356c54371de4703e9.jpg",
                "alt": "Cheese, Mozzarella, Fresh, Loaf, Thin Slice, 6/1 Lb - 112545"
            }
        ],
        "sku": "112545",
        "upc": "112545",
        "quantity_package_info": "1 Item",
        "dimensions": "L 1\" x W 1\" x H 1\"",
        "weight": "6 lbs",
        "table_caption": "Product information or packaging displayed may not be current or complete. *Actual weight may vary based on seasonality and other factors.",
        "proposition_65_warning": "Warning: This product can expose you to chemicals including arsenic, which is known to the State of California to cause cancer. For more information, go to www.P65Warnings.ca.gov",
        "related_products": [
            "https://shop.kimelo.com//sku/cheese-mozzarella-fresh-ovoline-galbani-23-lb-123382/123382",
            "https://shop.kimelo.com//sku/cheese-mozzarella-fresh-loaf-sliced-61-lb-123535/123535"
        ],
        "other_like_products": []
    },
    {
        "product_detail_url": "https://shop.kimelo.com/sku/cheese-cream-cheese-whipped-tub-philadelphia-6-377753-sku-172026/172026",
        "image_url": "https://d3tlizm80tjdt4.cloudfront.net/remote_images/image/14101/small/59becfe7880750956b1c39a81e7f2bfef3437a4b464a2f5a69.jpg",
        "product_name": "Cheese, Cream Cheese, Whipped Tub, Philadelphia (6) 377753 - Sku 172026",
        "product_code_from_url": "172026",
        "brand": "Kraft",
        "price": "$21.68",
        "unit_price": "$7.23/Lb",
        "status": "IN STOCK",
        "product_name_detail": "Cheese, Cream Cheese, Whipped Tub, Philadelphia (6) 377753 - Sku 172026",
        "brand_supplier_detail": "Kraft",
        "categories": "Cheese / Cream Cheese",
        "detail_page_main_image_url": "https://d3tlizm80tjdt4.cloudfront.net/remote_images/image/14101/large/1629a76e7915cf6d3936aa49f6ed4c52569b110e21ecb9650f.jpg",
        "detail_page_main_image_alt": "Cheese, Cream Cheese, Whipped Tub, Philadelphia (6) 377753 - Sku 172026",
        "detail_page_thumbnail_images": [
            {
                "url": "https://d3tlizm80tjdt4.cloudfront.net/remote_images/image/14101/small/59becfe7880750956b1c39a81e7f2bfef3437a4b464a2f5a69.jpg",
                "alt": "Cheese, Cream Cheese, Whipped Tub, Philadelphia (6) 377753 - Sku 172026"
            }
        ],
        "sku": "172026",
        "upc": "172026",
        "quantity_package_info": "6 Eaches",
        "dimensions": "L 1\" x W 1\" x H 1\"",
        "weight": "18 lbs",
        "table_caption": "Product information or packaging displayed may not be current or complete. *Actual weight may vary based on seasonality and other factors.",
        "proposition_65_warning": "Warning: This product can expose you to chemicals including arsenic, which is known to the State of California to cause cancer. For more information, go to www.P65Warnings.ca.gov",
        "related_products": [],
        "other_like_products": []
    },
    {
        "product_detail_url": "https://shop.kimelo.com/sku/cheese-mozzarella-frozen-ovoline-galbani-23-lb/374567",
        "image_url": "https://d3tlizm80tjdt4.cloudfront.net/remote_images/image/10806/small/080a48a561d13a90309f06536874d86ca67cf124dc3961482d.jpg",
        "product_name": "Cheese, Mozzarella, Frozen, Ovoline, Galbani, 2/3 Lb",
        "product_code_from_url": "374567",
        "brand": "Galbani",
        "price": "$14.64",
        "unit_price": "$2.44/Lb",
        "status": "IN STOCK",
        "product_name_detail": "Cheese, Mozzarella, Frozen, Ovoline, Galbani, 2/3 Lb",
        "brand_supplier_detail": "Galbani",
        "categories": "Cheese / Specialty Cheese",
        "detail_page_main_image_url": "https://d3tlizm80tjdt4.cloudfront.net/remote_images/image/10806/large/f582a3472e0fb20384b99c3ce0241fd54d3226071c01b1cd0c.jpg",
        "detail_page_main_image_alt": "Cheese, Mozzarella, Frozen, Ovoline, Galbani, 2/3 Lb",
        "detail_page_thumbnail_images": [
            {
                "url": "https://d3tlizm80tjdt4.cloudfront.net/remote_images/image/10806/small/080a48a561d13a90309f06536874d86ca67cf124dc3961482d.jpg",
                "alt": "Cheese, Mozzarella, Frozen, Ovoline, Galbani, 2/3 Lb"
            }
        ],
        "sku": "374567",
        "upc": "374567",
        "quantity_package_info": "1 Item",
        "dimensions": "L 1\" x W 1\" x H 1\"",
        "weight": "6 lbs",
        "table_caption": "Product information or packaging displayed may not be current or complete. *Actual weight may vary based on seasonality and other factors.",
        "proposition_65_warning": "Warning: This product can expose you to chemicals including arsenic, which is known to the State of California to cause cancer. For more information, go to www.P65Warnings.ca.gov",
        "related_products": [],
        "other_like_products": [
            "https://shop.kimelo.com//sku/cheese-queso-fresco-casero-bulk-12-lbs-112596/112596",
            "https://shop.kimelo.com//sku/cheese-feta-french-pail-valbreso-18-lb-avg-123797/123797",
            "https://shop.kimelo.com//sku/cheese-feta-in-brine-pail-2-8-lb-124284/124284",
            "https://shop.kimelo.com//sku/cheese-feta-rbst-free-estia-24-lb-124006/124006",
            "https://shop.kimelo.com//sku/cheese-goat-crumbled-22-lb-123365/123365",
            "https://shop.kimelo.com//sku/cheese-mozzarella-fresh-ovoline-galbani-23-lb-123382/123382",
            "https://shop.kimelo.com//sku/cheese-feta-crumbles-president-25-lb-123341/123341",
            "https://shop.kimelo.com//sku/cheese-mascarpone-tub-belgioioso-4-5-lb-107599/107599",
            "https://shop.kimelo.com//sku/cheese-feta-sheepgoat-imported-ziria-14-kg-124111/124111",
            "https://shop.kimelo.com//sku/cheese-queso-fresco-casero-bulk-12-lbs-112596/112596",
            "https://shop.kimelo.com//sku/cheese-feta-french-pail-valbreso-18-lb-avg-123797/123797",
            "https://shop.kimelo.com//sku/cheese-feta-in-brine-pail-2-8-lb-124284/124284",
            "https://shop.kimelo.com//sku/cheese-feta-rbst-free-estia-24-lb-124006/124006",
            "https://shop.kimelo.com//sku/cheese-goat-crumbled-22-lb-123365/123365",
            "https://shop.kimelo.com//sku/cheese-mozzarella-fresh-ovoline-galbani-23-lb-123382/123382",
            "https://shop.kimelo.com//sku/cheese-feta-crumbles-president-25-lb-123341/123341",
            "https://shop.kimelo.com//sku/cheese-mascarpone-tub-belgioioso-4-5-lb-107599/107599",
            "https://shop.kimelo.com//sku/cheese-feta-sheepgoat-imported-ziria-14-kg-124111/124111",
            "https://shop.kimelo.com//sku/cheese-queso-fresco-casero-bulk-12-lbs-112596/112596",
            "https://shop.kimelo.com//sku/cheese-feta-french-pail-valbreso-18-lb-avg-123797/123797",
            "https://shop.kimelo.com//sku/cheese-feta-in-brine-pail-2-8-lb-124284/124284",
            "https://shop.kimelo.com//sku/cheese-feta-rbst-free-estia-24-lb-124006/124006",
            "https://shop.kimelo.com//sku/cheese-goat-crumbled-22-lb-123365/123365",
            "https://shop.kimelo.com//sku/cheese-mozzarella-fresh-ovoline-galbani-23-lb-123382/123382"
        ]
    },
    {
        "product_detail_url": "https://shop.kimelo.com/sku/cheese-mozzarella-wmlm-loaf-premio-85-lb/374196",
        "image_url": "https://d3tlizm80tjdt4.cloudfront.net/remote_images/image/8390/small/53b845e1fb7106fdd945620096b458f0828fadee1fe5d5d0e8.jpg",
        "product_name": "Cheese, Mozzarella, Wmlm, Loaf, Premio, 8/5 Lb",
        "product_code_from_url": "374196",
        "brand": "Galbani Premio",
        "price": "$108.52",
        "unit_price": "$10.85/loaf",
        "status": "IN STOCK",
        "product_name_detail": "Cheese, Mozzarella, Wmlm, Loaf, Premio, 8/5 Lb",
        "brand_supplier_detail": "Galbani Premio",
        "categories": "Cheese / Specialty Cheese",
        "detail_page_main_image_url": "https://d3tlizm80tjdt4.cloudfront.net/remote_images/image/8390/large/76cb6966c63f148ee421dcda827cc12f87718f5b7951c2da6e.jpg",
        "detail_page_main_image_alt": "Cheese, Mozzarella, Wmlm, Loaf, Premio, 8/5 Lb",
        "detail_page_thumbnail_images": [
            {
                "url": "https://d3tlizm80tjdt4.cloudfront.net/remote_images/image/8390/small/53b845e1fb7106fdd945620096b458f0828fadee1fe5d5d0e8.jpg",
                "alt": "Cheese, Mozzarella, Wmlm, Loaf, Premio, 8/5 Lb"
            }
        ],
        "sku": "374196",
        "upc": "374196",
        "quantity_package_info": "1 Item",
        "dimensions": "L 1\" x W 1\" x H 1\"",
        "weight": "40 lbs",
        "table_caption": "Product information or packaging displayed may not be current or complete. *Actual weight may vary based on seasonality and other factors.",
        "proposition_65_warning": "Warning: This product can expose you to chemicals including arsenic, which is known to the State of California to cause cancer. For more information, go to www.P65Warnings.ca.gov",
        "related_products": [],
        "other_like_products": [
            "https://shop.kimelo.com//sku/cheese-feta-sheepgoat-imported-ziria-14-kg-124111/124111",
            "https://shop.kimelo.com//sku/cheese-indian-paneer-bulk-fresh-loaf-4-109240/109240",
            "https://shop.kimelo.com//sku/cheese-feta-in-brine-pail-2-8-lb-124284/124284",
            "https://shop.kimelo.com//sku/cheese-ricotta-4-5lb-108718/108718",
            "https://shop.kimelo.com//sku/cheese-goat-chefs-chevre-tub-2-4-lb-103638/103638",
            "https://shop.kimelo.com//sku/cheese-mozzarella-fresh-loaf-thin-slice-61-lb-112545/112545",
            "https://shop.kimelo.com//sku/cheese-mascarpone-tub-belgioioso-4-5-lb-107599/107599",
            "https://shop.kimelo.com//sku/cheese-feta-crumbles-president-25-lb-123341/123341",
            "https://shop.kimelo.com//sku/cheese-feta-french-pail-valbreso-18-lb-avg-123797/123797",
            "https://shop.kimelo.com//sku/cheese-mozzarella-fresh-loaf-sliced-61-lb-123535/123535",
            "https://shop.kimelo.com//sku/cheese-queso-fresco-casero-bulk-12-lbs-112596/112596",
            "https://shop.kimelo.com//sku/cheese-mozzarella-fresh-ovoline-galbani-23-lb-123382/123382",
            "https://shop.kimelo.com//sku/cheese-feta-sheepgoat-imported-ziria-14-kg-124111/124111",
            "https://shop.kimelo.com//sku/cheese-indian-paneer-bulk-fresh-loaf-4-109240/109240",
            "https://shop.kimelo.com//sku/cheese-feta-in-brine-pail-2-8-lb-124284/124284",
            "https://shop.kimelo.com//sku/cheese-ricotta-4-5lb-108718/108718",
            "https://shop.kimelo.com//sku/cheese-goat-chefs-chevre-tub-2-4-lb-103638/103638",
            "https://shop.kimelo.com//sku/cheese-mozzarella-fresh-loaf-thin-slice-61-lb-112545/112545",
            "https://shop.kimelo.com//sku/cheese-mascarpone-tub-belgioioso-4-5-lb-107599/107599",
            "https://shop.kimelo.com//sku/cheese-feta-crumbles-president-25-lb-123341/123341",
            "https://shop.kimelo.com//sku/cheese-feta-french-pail-valbreso-18-lb-avg-123797/123797",
            "https://shop.kimelo.com//sku/cheese-mozzarella-fresh-loaf-sliced-61-lb-123535/123535",
            "https://shop.kimelo.com//sku/cheese-queso-fresco-casero-bulk-12-lbs-112596/112596",
            "https://shop.kimelo.com//sku/cheese-mozzarella-fresh-ovoline-galbani-23-lb-123382/123382",
            "https://shop.kimelo.com//sku/cheese-feta-sheepgoat-imported-ziria-14-kg-124111/124111",
            "https://shop.kimelo.com//sku/cheese-indian-paneer-bulk-fresh-loaf-4-109240/109240",
            "https://shop.kimelo.com//sku/cheese-feta-in-brine-pail-2-8-lb-124284/124284",
            "https://shop.kimelo.com//sku/cheese-ricotta-4-5lb-108718/108718",
            "https://shop.kimelo.com//sku/cheese-goat-chefs-chevre-tub-2-4-lb-103638/103638",
            "https://shop.kimelo.com//sku/cheese-mozzarella-fresh-loaf-thin-slice-61-lb-112545/112545"
        ]
    },
    {
        "product_detail_url": "https://shop.kimelo.com/sku/cheese-pecorino-romano-14-lb-124109/124109",
        "image_url": "https://d3tlizm80tjdt4.cloudfront.net/remote_images/image/7585/small/6fdb15f3fb9a8218f44f4394daed962b794d29364f31ec757a.jpg",
        "product_name": "Cheese, Pecorino, Romano, 14 Lb 124109",
        "product_code_from_url": "124109",
        "brand": "Zerto",
        "price": "$71.25",
        "unit_price": "$5.09/lb",
        "status": "IN STOCK",
        "product_name_detail": "Cheese, Pecorino, Romano, 14 Lb 124109",
        "brand_supplier_detail": "Zerto",
        "categories": "Cheese / Sliced Cheese",
        "detail_page_main_image_url": "https://d3tlizm80tjdt4.cloudfront.net/remote_images/image/7585/large/5e9fb92972e7c55f084d3e6ac2c12de398d31976a60c8e6983.jpg",
        "detail_page_main_image_alt": "Cheese, Pecorino, Romano, 14 Lb 124109",
        "detail_page_thumbnail_images": [
            {
                "url": "https://d3tlizm80tjdt4.cloudfront.net/remote_images/image/7585/small/6fdb15f3fb9a8218f44f4394daed962b794d29364f31ec757a.jpg",
                "alt": "Cheese, Pecorino, Romano, 14 Lb 124109"
            }
        ],
        "sku": "124109",
        "upc": "124109",
        "quantity_package_info": "1 Item",
        "dimensions": "L 1\" x W 1\" x H 1\"",
        "weight": "14 lbs",
        "table_caption": "Product information or packaging displayed may not be current or complete. *Actual weight may vary based on seasonality and other factors.",
        "proposition_65_warning": "Warning: This product can expose you to chemicals including arsenic, which is known to the State of California to cause cancer. For more information, go to www.P65Warnings.ca.gov",
        "related_products": [],
        "other_like_products": [
            "https://shop.kimelo.com//sku/cheese-american-120-slice-yellow-4-5-lb-103674/103674",
            "https://shop.kimelo.com//sku/cheese-swiss-sliced-processed-120-ct-4-5-lb-100014/100014",
            "https://shop.kimelo.com//sku/cheese-swiss-sliced-8-15-lb-103602/103602",
            "https://shop.kimelo.com//sku/cheese-monterey-jack-block-40-lb-avg-103562/103562",
            "https://shop.kimelo.com//sku/cheese-cheddar-medium-loaf-2-5lb-106815/106815",
            "https://shop.kimelo.com//sku/cheese-cheddar-mild-loaf-8-5-lb-103670/103670",
            "https://shop.kimelo.com//sku/cheese-gruyere-imported-loaf-2-5-lb-108978/108978",
            "https://shop.kimelo.com//sku/cheese-paneer-gopi-1514-oz-124005/124005",
            "https://shop.kimelo.com//sku/cheese-halloumi-tradition-greek-import-4088-oz-124144/124144",
            "https://shop.kimelo.com//sku/cheese-american-120-slice-yellow-4-5-lb-103674/103674",
            "https://shop.kimelo.com//sku/cheese-swiss-sliced-processed-120-ct-4-5-lb-100014/100014",
            "https://shop.kimelo.com//sku/cheese-swiss-sliced-8-15-lb-103602/103602",
            "https://shop.kimelo.com//sku/cheese-monterey-jack-block-40-lb-avg-103562/103562",
            "https://shop.kimelo.com//sku/cheese-cheddar-medium-loaf-2-5lb-106815/106815",
            "https://shop.kimelo.com//sku/cheese-cheddar-mild-loaf-8-5-lb-103670/103670",
            "https://shop.kimelo.com//sku/cheese-gruyere-imported-loaf-2-5-lb-108978/108978",
            "https://shop.kimelo.com//sku/cheese-paneer-gopi-1514-oz-124005/124005",
            "https://shop.kimelo.com//sku/cheese-halloumi-tradition-greek-import-4088-oz-124144/124144",
            "https://shop.kimelo.com//sku/cheese-american-120-slice-yellow-4-5-lb-103674/103674",
            "https://shop.kimelo.com//sku/cheese-swiss-sliced-processed-120-ct-4-5-lb-100014/100014",
            "https://shop.kimelo.com//sku/cheese-swiss-sliced-8-15-lb-103602/103602",
            "https://shop.kimelo.com//sku/cheese-monterey-jack-block-40-lb-avg-103562/103562",
            "https://shop.kimelo.com//sku/cheese-cheddar-medium-loaf-2-5lb-106815/106815",
            "https://shop.kimelo.com//sku/cheese-cheddar-mild-loaf-8-5-lb-103670/103670"
        ]
    },
    {
        "product_detail_url": "https://shop.kimelo.com/sku/cheese-muenster-loaf-6-5-lbssku-172091/172091",
        "image_url": "https://d3tlizm80tjdt4.cloudfront.net/remote_images/image/14165/small/0158d18ec81507169591cc645a9fff7c6f09c04889186230a6.jpg",
        "product_name": "Cheese, Muenster, Loaf (6) 5 Lbs,sku 172091",
        "product_code_from_url": "172091",
        "brand": "Packer",
        "price": "$32.90",
        "unit_price": "$32.90/Lb",
        "status": "IN STOCK",
        "product_name_detail": "Cheese, Muenster, Loaf (6) 5 Lbs,sku 172091",
        "brand_supplier_detail": "Packer",
        "categories": "Cheese / Specialty Cheese",
        "detail_page_main_image_url": "https://d3tlizm80tjdt4.cloudfront.net/remote_images/image/14165/large/3604cfb5f7423dea9901d6d634a59e41aa734799d2ef09b80a.jpg",
        "detail_page_main_image_alt": "Cheese, Muenster, Loaf (6) 5 Lbs,sku 172091",
        "detail_page_thumbnail_images": [
            {
                "url": "https://d3tlizm80tjdt4.cloudfront.net/remote_images/image/14165/small/0158d18ec81507169591cc645a9fff7c6f09c04889186230a6.jpg",
                "alt": "Cheese, Muenster, Loaf (6) 5 Lbs,sku 172091"
            }
        ],
        "sku": "172091",
        "upc": "172091",
        "quantity_package_info": "6 Eaches",
        "dimensions": "L 1\" x W 1\" x H 1\"",
        "weight": "30 lbs",
        "table_caption": "Product information or packaging displayed may not be current or complete. *Actual weight may vary based on seasonality and other factors.",
        "proposition_65_warning": "Warning: This product can expose you to chemicals including arsenic, which is known to the State of California to cause cancer. For more information, go to www.P65Warnings.ca.gov",
        "related_products": [],
        "other_like_products": [
            "https://shop.kimelo.com//sku/cheese-feta-sheepgoat-imported-ziria-14-kg-124111/124111",
            "https://shop.kimelo.com//sku/cheese-mozzarella-fresh-ovoline-galbani-23-lb-123382/123382",
            "https://shop.kimelo.com//sku/cheese-feta-bulgarian-in-brine-17-kg-106845/106845",
            "https://shop.kimelo.com//sku/cheese-mozzarella-pslm-cali-gold-loaf-86-lb-125986/125986",
            "https://shop.kimelo.com//sku/cheese-feta-french-pail-valbreso-18-lb-avg-123797/123797",
            "https://shop.kimelo.com//sku/cheese-feta-in-brine-pail-2-8-lb-124284/124284",
            "https://shop.kimelo.com//sku/cheese-mozzarella-wmlm-feather-shred-nb-45-lb-124254/124254",
            "https://shop.kimelo.com//sku/cheese-ricotta-4-5lb-108718/108718",
            "https://shop.kimelo.com//sku/cheese-mascarpone-tub-belgioioso-4-5-lb-107599/107599",
            "https://shop.kimelo.com//sku/cheese-feta-rbst-free-estia-24-lb-124006/124006",
            "https://shop.kimelo.com//sku/cheese-feta-crumbles-president-25-lb-123341/123341",
            "https://shop.kimelo.com//sku/cheese-indian-paneer-bulk-fresh-loaf-4-109240/109240",
            "https://shop.kimelo.com//sku/cheese-goat-chefs-chevre-tub-2-4-lb-103638/103638",
            "https://shop.kimelo.com//sku/cheese-queso-fresco-casero-bulk-12-lbs-112596/112596",
            "https://shop.kimelo.com//sku/cheese-mozzarella-wmlm-shredded-red-label-65-lb-124189/124189",
            "https://shop.kimelo.com//sku/cheese-goat-crumbled-22-lb-123365/123365",
            "https://shop.kimelo.com//sku/cheese-feta-sheepgoat-imported-ziria-14-kg-124111/124111",
            "https://shop.kimelo.com//sku/cheese-mozzarella-fresh-ovoline-galbani-23-lb-123382/123382",
            "https://shop.kimelo.com//sku/cheese-feta-bulgarian-in-brine-17-kg-106845/106845",
            "https://shop.kimelo.com//sku/cheese-mozzarella-pslm-cali-gold-loaf-86-lb-125986/125986",
            "https://shop.kimelo.com//sku/cheese-feta-french-pail-valbreso-18-lb-avg-123797/123797",
            "https://shop.kimelo.com//sku/cheese-feta-in-brine-pail-2-8-lb-124284/124284",
            "https://shop.kimelo.com//sku/cheese-mozzarella-wmlm-feather-shred-nb-45-lb-124254/124254",
            "https://shop.kimelo.com//sku/cheese-ricotta-4-5lb-108718/108718",
            "https://shop.kimelo.com//sku/cheese-mascarpone-tub-belgioioso-4-5-lb-107599/107599",
            "https://shop.kimelo.com//sku/cheese-feta-rbst-free-estia-24-lb-124006/124006",
            "https://shop.kimelo.com//sku/cheese-feta-crumbles-president-25-lb-123341/123341",
            "https://shop.kimelo.com//sku/cheese-indian-paneer-bulk-fresh-loaf-4-109240/109240",
            "https://shop.kimelo.com//sku/cheese-goat-chefs-chevre-tub-2-4-lb-103638/103638",
            "https://shop.kimelo.com//sku/cheese-queso-fresco-casero-bulk-12-lbs-112596/112596",
            "https://shop.kimelo.com//sku/cheese-mozzarella-wmlm-shredded-red-label-65-lb-124189/124189",
            "https://shop.kimelo.com//sku/cheese-goat-crumbled-22-lb-123365/123365",
            "https://shop.kimelo.com//sku/cheese-feta-sheepgoat-imported-ziria-14-kg-124111/124111",
            "https://shop.kimelo.com//sku/cheese-mozzarella-fresh-ovoline-galbani-23-lb-123382/123382",
            "https://shop.kimelo.com//sku/cheese-feta-bulgarian-in-brine-17-kg-106845/106845",
            "https://shop.kimelo.com//sku/cheese-mozzarella-pslm-cali-gold-loaf-86-lb-125986/125986",
            "https://shop.kimelo.com//sku/cheese-feta-french-pail-valbreso-18-lb-avg-123797/123797",
            "https://shop.kimelo.com//sku/cheese-feta-in-brine-pail-2-8-lb-124284/124284"
        ]
    },
    {
        "product_detail_url": "https://shop.kimelo.com/sku/cheese-5-blend-moz-wmlmlmpsprovparmroma-65-lb-123784/123784",
        "image_url": "https://d3tlizm80tjdt4.cloudfront.net/remote_images/image/7464/small/4c120c44089fd73a9dc6802b21106ba43711bda636e75afc96.jpg",
        "product_name": "Cheese, 5 Blend, Moz Wmlm/lmps/prov/parm/roma, 6/5 Lb - 123784",
        "product_code_from_url": "123784",
        "brand": "Galbani",
        "price": "$96.18",
        "unit_price": "$3.21/lb",
        "status": "IN STOCK",
        "product_name_detail": "Cheese, 5 Blend, Moz Wmlm/lmps/prov/parm/roma, 6/5 Lb",
        "item_number_from_name": "123784",
        "brand_supplier_detail": "Galbani",
        "categories": "Cheese / Shredded Cheese",
        "detail_page_main_image_url": "https://d3tlizm80tjdt4.cloudfront.net/remote_images/image/7464/large/d53bc5c569cc13e354e54303269a88bb648b9c21928f75b0ca.jpg",
        "detail_page_main_image_alt": "Cheese, 5 Blend, Moz Wmlm/lmps/prov/parm/roma, 6/5 Lb - 123784",
        "detail_page_thumbnail_images": [
            {
                "url": "https://d3tlizm80tjdt4.cloudfront.net/remote_images/image/7464/small/4c120c44089fd73a9dc6802b21106ba43711bda636e75afc96.jpg",
                "alt": "Cheese, 5 Blend, Moz Wmlm/lmps/prov/parm/roma, 6/5 Lb - 123784"
            }
        ],
        "sku": "123784",
        "upc": "123784",
        "quantity_package_info": "1 Item",
        "dimensions": "L 1\" x W 1\" x H 1\"",
        "weight": "30 lbs",
        "table_caption": "Product information or packaging displayed may not be current or complete. *Actual weight may vary based on seasonality and other factors.",
        "proposition_65_warning": "Warning: This product can expose you to chemicals including arsenic, which is known to the State of California to cause cancer. For more information, go to www.P65Warnings.ca.gov",
        "related_products": [
            "https://shop.kimelo.com//sku/cheese-shredded-jack-cheddar-blend-fancy-4-5-lb-103664/103664"
        ],
        "other_like_products": []
    },
    {
        "product_detail_url": "https://shop.kimelo.com/sku/cheese-cheddar-sharp-white-100075-oz-oz-tillamook-613897-sku-172111/172111",
        "image_url": "https://d3tlizm80tjdt4.cloudfront.net/remote_images/image/14324/small/5211137065f5e986902c6a62fa4eb3f764ed76d03efbf7a3b2.jpg",
        "product_name": "Cheese, Cheddar, Sharp White, 100/0.75 Oz Oz Tillamook 613897, Sku 172111",
        "product_code_from_url": "172111",
        "brand": "Tillamook",
        "price": "$49.80",
        "unit_price": "$0.50/ct",
        "status": "IN STOCK",
        "product_name_detail": "Cheese, Cheddar, Sharp White, 100/0.75 Oz Oz Tillamook 613897, Sku 172111",
        "brand_supplier_detail": "Tillamook",
        "categories": "Cheese / Sliced Cheese",
        "detail_page_main_image_url": "https://d3tlizm80tjdt4.cloudfront.net/remote_images/image/14324/large/3aa910ca33d508b59f1e34076b0a56edd67260d300d28a2c9d.jpg",
        "detail_page_main_image_alt": "Cheese, Cheddar, Sharp White, 100/0.75 Oz Oz Tillamook 613897, Sku 172111",
        "detail_page_thumbnail_images": [
            {
                "url": "https://d3tlizm80tjdt4.cloudfront.net/remote_images/image/14324/small/5211137065f5e986902c6a62fa4eb3f764ed76d03efbf7a3b2.jpg",
                "alt": "Cheese, Cheddar, Sharp White, 100/0.75 Oz Oz Tillamook 613897, Sku 172111"
            }
        ],
        "sku": "172111",
        "upc": "172111",
        "quantity_package_info": "1 Item",
        "dimensions": "L 1\" x W 1\" x H 1\"",
        "weight": "4.69 lbs",
        "table_caption": "Product information or packaging displayed may not be current or complete. *Actual weight may vary based on seasonality and other factors.",
        "proposition_65_warning": "Warning: This product can expose you to chemicals including arsenic, which is known to the State of California to cause cancer. For more information, go to www.P65Warnings.ca.gov",
        "related_products": [],
        "other_like_products": [
            "https://shop.kimelo.com//sku/cheese-swiss-sliced-processed-120-ct-4-5-lb-100014/100014",
            "https://shop.kimelo.com//sku/cheese-pecorino-romano-14-lb-124109/124109",
            "https://shop.kimelo.com//sku/cheese-swiss-sliced-8-15-lb-103602/103602",
            "https://shop.kimelo.com//sku/cheese-cheddar-medium-loaf-2-5lb-106815/106815",
            "https://shop.kimelo.com//sku/cheese-cheddar-mild-loaf-8-5-lb-103670/103670",
            "https://shop.kimelo.com//sku/cheese-monterey-jack-block-40-lb-avg-103562/103562",
            "https://shop.kimelo.com//sku/cheese-halloumi-tradition-greek-import-4088-oz-124144/124144",
            "https://shop.kimelo.com//sku/cheese-paneer-gopi-1514-oz-124005/124005",
            "https://shop.kimelo.com//sku/cheese-american-120-slice-yellow-4-5-lb-103674/103674",
            "https://shop.kimelo.com//sku/cheese-gruyere-imported-loaf-2-5-lb-108978/108978",
            "https://shop.kimelo.com//sku/cheese-swiss-sliced-processed-120-ct-4-5-lb-100014/100014",
            "https://shop.kimelo.com//sku/cheese-pecorino-romano-14-lb-124109/124109",
            "https://shop.kimelo.com//sku/cheese-swiss-sliced-8-15-lb-103602/103602",
            "https://shop.kimelo.com//sku/cheese-cheddar-medium-loaf-2-5lb-106815/106815",
            "https://shop.kimelo.com//sku/cheese-cheddar-mild-loaf-8-5-lb-103670/103670",
            "https://shop.kimelo.com//sku/cheese-monterey-jack-block-40-lb-avg-103562/103562",
            "https://shop.kimelo.com//sku/cheese-halloumi-tradition-greek-import-4088-oz-124144/124144",
            "https://shop.kimelo.com//sku/cheese-paneer-gopi-1514-oz-124005/124005",
            "https://shop.kimelo.com//sku/cheese-american-120-slice-yellow-4-5-lb-103674/103674",
            "https://shop.kimelo.com//sku/cheese-gruyere-imported-loaf-2-5-lb-108978/108978",
            "https://shop.kimelo.com//sku/cheese-swiss-sliced-processed-120-ct-4-5-lb-100014/100014",
            "https://shop.kimelo.com//sku/cheese-pecorino-romano-14-lb-124109/124109",
            "https://shop.kimelo.com//sku/cheese-swiss-sliced-8-15-lb-103602/103602",
            "https://shop.kimelo.com//sku/cheese-cheddar-medium-loaf-2-5lb-106815/106815",
            "https://shop.kimelo.com//sku/cheese-cheddar-mild-loaf-8-5-lb-103670/103670",
            "https://shop.kimelo.com//sku/cheese-monterey-jack-block-40-lb-avg-103562/103562"
        ]
    },
    {
        "product_detail_url": "https://shop.kimelo.com/sku/cheese-mini-babybel-red-wrap-72075-oz-sku-172119/172119",
        "image_url": "https://d3tlizm80tjdt4.cloudfront.net/remote_images/image/15042/small/4752a482739aa892814722431a3b0e1a4930af59437ce4920d.jpg",
        "product_name": "Cheese, Mini, Babybel (red Wrap) 72/0.75 Oz, Sku 172119",
        "product_code_from_url": "172119",
        "brand": "Laughing Cow",
        "price": "$51.29",
        "unit_price": "$0.71/ct",
        "status": "IN STOCK",
        "product_name_detail": "Cheese, Mini, Babybel (red Wrap) 72/0.75 Oz, Sku 172119",
        "brand_supplier_detail": "Laughing Cow",
        "categories": "Cheese / Specialty Cheese",
        "detail_page_main_image_url": "https://d3tlizm80tjdt4.cloudfront.net/remote_images/image/15042/large/64d318bfa191689dcd2fdd03a5a5b886ce673abf9c3da42d7d.jpg",
        "detail_page_main_image_alt": "Cheese, Mini, Babybel (red Wrap) 72/0.75 Oz, Sku 172119",
        "detail_page_thumbnail_images": [
            {
                "url": "https://d3tlizm80tjdt4.cloudfront.net/remote_images/image/15042/small/4752a482739aa892814722431a3b0e1a4930af59437ce4920d.jpg",
                "alt": "Cheese, Mini, Babybel (red Wrap) 72/0.75 Oz, Sku 172119"
            }
        ],
        "sku": "172119",
        "upc": "172119",
        "quantity_package_info": "1 Item",
        "dimensions": "L 1\" x W 1\" x H 1\"",
        "weight": "4 lbs",
        "table_caption": "Product information or packaging displayed may not be current or complete. *Actual weight may vary based on seasonality and other factors.",
        "proposition_65_warning": "Warning: This product can expose you to chemicals including arsenic, which is known to the State of California to cause cancer. For more information, go to www.P65Warnings.ca.gov",
        "related_products": [],
        "other_like_products": [
            "https://shop.kimelo.com//sku/cheese-mozzarella-fresh-loaf-thin-slice-61-lb-112545/112545",
            "https://shop.kimelo.com//sku/cheese-mozzarella-fresh-ovoline-galbani-23-lb-123382/123382",
            "https://shop.kimelo.com//sku/cheese-feta-french-pail-valbreso-18-lb-avg-123797/123797",
            "https://shop.kimelo.com//sku/cheese-ricotta-4-5lb-108718/108718",
            "https://shop.kimelo.com//sku/cheese-feta-sheepgoat-imported-ziria-14-kg-124111/124111",
            "https://shop.kimelo.com//sku/cheese-mozzarella-fresh-loaf-sliced-61-lb-123535/123535",
            "https://shop.kimelo.com//sku/cheese-mascarpone-tub-belgioioso-4-5-lb-107599/107599",
            "https://shop.kimelo.com//sku/cheese-queso-fresco-casero-bulk-12-lbs-112596/112596",
            "https://shop.kimelo.com//sku/cheese-feta-crumbles-president-25-lb-123341/123341",
            "https://shop.kimelo.com//sku/cheese-feta-in-brine-pail-2-8-lb-124284/124284",
            "https://shop.kimelo.com//sku/cheese-mozzarella-fresh-loaf-thin-slice-61-lb-112545/112545",
            "https://shop.kimelo.com//sku/cheese-mozzarella-fresh-ovoline-galbani-23-lb-123382/123382",
            "https://shop.kimelo.com//sku/cheese-feta-french-pail-valbreso-18-lb-avg-123797/123797",
            "https://shop.kimelo.com//sku/cheese-ricotta-4-5lb-108718/108718",
            "https://shop.kimelo.com//sku/cheese-feta-sheepgoat-imported-ziria-14-kg-124111/124111",
            "https://shop.kimelo.com//sku/cheese-mozzarella-fresh-loaf-sliced-61-lb-123535/123535",
            "https://shop.kimelo.com//sku/cheese-mascarpone-tub-belgioioso-4-5-lb-107599/107599",
            "https://shop.kimelo.com//sku/cheese-queso-fresco-casero-bulk-12-lbs-112596/112596",
            "https://shop.kimelo.com//sku/cheese-feta-crumbles-president-25-lb-123341/123341",
            "https://shop.kimelo.com//sku/cheese-feta-in-brine-pail-2-8-lb-124284/124284",
            "https://shop.kimelo.com//sku/cheese-mozzarella-fresh-loaf-thin-slice-61-lb-112545/112545",
            "https://shop.kimelo.com//sku/cheese-mozzarella-fresh-ovoline-galbani-23-lb-123382/123382",
            "https://shop.kimelo.com//sku/cheese-feta-french-pail-valbreso-18-lb-avg-123797/123797",
            "https://shop.kimelo.com//sku/cheese-ricotta-4-5lb-108718/108718",
            "https://shop.kimelo.com//sku/cheese-feta-sheepgoat-imported-ziria-14-kg-124111/124111",
            "https://shop.kimelo.com//sku/cheese-mozzarella-fresh-loaf-sliced-61-lb-123535/123535"
        ]
    },
    {
        "product_detail_url": "https://shop.kimelo.com/sku/cheese-pepperjack-feather-shred-45-lb-123794/123794",
        "image_url": "https://d3tlizm80tjdt4.cloudfront.net/image/17990/image/sm-83f15352ef57aee10ecf9f5eacd4c835.png",
        "product_name": "Cheese, Pepperjack, Feather Shred, 4/5 Lb - 123794",
        "product_code_from_url": "123794",
        "brand": "Cheswick",
        "price": "$65.72",
        "unit_price": "$3.29/lb",
        "status": "IN STOCK",
        "product_name_detail": "Cheese, Pepperjack, Feather Shred, 4/5 Lb",
        "item_number_from_name": "123794",
        "brand_supplier_detail": "Cheswick",
        "categories": "Cheese / Shredded Cheese",
        "detail_page_main_image_url": "https://d3tlizm80tjdt4.cloudfront.net/image/17990/image/lg-d07fbb3e840185331e7df8417c7c42a8.png",
        "detail_page_main_image_alt": "Cheese, Pepperjack, Feather Shred, 4/5 Lb - 123794",
        "detail_page_thumbnail_images": [
            {
                "url": "https://d3tlizm80tjdt4.cloudfront.net/image/17990/image/sm-83f15352ef57aee10ecf9f5eacd4c835.png",
                "alt": "Cheese, Pepperjack, Feather Shred, 4/5 Lb - 123794"
            }
        ],
        "sku": "123794",
        "upc": "123794",
        "quantity_package_info": "1 Item",
        "dimensions": "L 1\" x W 1\" x H 1\"",
        "weight": "20 lbs",
        "table_caption": "Product information or packaging displayed may not be current or complete. *Actual weight may vary based on seasonality and other factors.",
        "proposition_65_warning": "Warning: This product can expose you to chemicals including arsenic, which is known to the State of California to cause cancer. For more information, go to www.P65Warnings.ca.gov",
        "related_products": [
            "https://shop.kimelo.com//sku/cheese-pepper-jack-loaf-8-103672/103672",
            "https://shop.kimelo.com//sku/cheese-monterey-jack-shredded-fancy-4-5-lb-108930/108930"
        ],
        "other_like_products": []
    },
    {
        "product_detail_url": "https://shop.kimelo.com/sku/cheese-mozzarella-lmps-loaf-premio-85-lb/374193",
        "image_url": "https://d3tlizm80tjdt4.cloudfront.net/remote_images/image/8358/small/b2822f77cb40a483ec292d837dbfcea6b8be7f2e39cc90e6ca.jpg",
        "product_name": "Cheese, Mozzarella, Lmps, Loaf, Premio, 8/5 Lb",
        "product_code_from_url": "374193",
        "brand": "Galbani Premio",
        "price": "$102.95",
        "unit_price": "$12.87/loaf",
        "status": "IN STOCK",
        "product_name_detail": "Cheese, Mozzarella, Lmps, Loaf, Premio, 8/5 Lb",
        "brand_supplier_detail": "Galbani Premio",
        "categories": "Cheese / Specialty Cheese",
        "detail_page_main_image_url": "https://d3tlizm80tjdt4.cloudfront.net/remote_images/image/8358/large/9185129582826b8edf298ab8d4583d79be4eb4a1716c8f0240.jpg",
        "detail_page_main_image_alt": "Cheese, Mozzarella, Lmps, Loaf, Premio, 8/5 Lb",
        "detail_page_thumbnail_images": [
            {
                "url": "https://d3tlizm80tjdt4.cloudfront.net/remote_images/image/8358/small/b2822f77cb40a483ec292d837dbfcea6b8be7f2e39cc90e6ca.jpg",
                "alt": "Cheese, Mozzarella, Lmps, Loaf, Premio, 8/5 Lb"
            }
        ],
        "sku": "374193",
        "upc": "374193",
        "quantity_package_info": "1 Item",
        "dimensions": "L 1\" x W 1\" x H 1\"",
        "weight": "40 lbs",
        "table_caption": "Product information or packaging displayed may not be current or complete. *Actual weight may vary based on seasonality and other factors.",
        "proposition_65_warning": "Warning: This product can expose you to chemicals including arsenic, which is known to the State of California to cause cancer. For more information, go to www.P65Warnings.ca.gov",
        "related_products": [],
        "other_like_products": [
            "https://shop.kimelo.com//sku/cheese-feta-sheepgoat-imported-ziria-14-kg-124111/124111",
            "https://shop.kimelo.com//sku/cheese-ricotta-4-5lb-108718/108718",
            "https://shop.kimelo.com//sku/cheese-indian-paneer-bulk-fresh-loaf-4-109240/109240",
            "https://shop.kimelo.com//sku/cheese-mozzarella-fresh-loaf-thin-slice-61-lb-112545/112545",
            "https://shop.kimelo.com//sku/cheese-mozzarella-wmlm-feather-shred-nb-45-lb-124254/124254",
            "https://shop.kimelo.com//sku/cheese-goat-crumbled-22-lb-123365/123365",
            "https://shop.kimelo.com//sku/cheese-mascarpone-tub-belgioioso-4-5-lb-107599/107599",
            "https://shop.kimelo.com//sku/cheese-feta-crumbles-president-25-lb-123341/123341",
            "https://shop.kimelo.com//sku/cheese-mozzarella-fresh-loaf-sliced-61-lb-123535/123535",
            "https://shop.kimelo.com//sku/cheese-feta-french-pail-valbreso-18-lb-avg-123797/123797",
            "https://shop.kimelo.com//sku/cheese-queso-fresco-casero-bulk-12-lbs-112596/112596",
            "https://shop.kimelo.com//sku/cheese-mozzarella-fresh-ovoline-galbani-23-lb-123382/123382",
            "https://shop.kimelo.com//sku/cheese-feta-in-brine-pail-2-8-lb-124284/124284",
            "https://shop.kimelo.com//sku/cheese-feta-sheepgoat-imported-ziria-14-kg-124111/124111",
            "https://shop.kimelo.com//sku/cheese-ricotta-4-5lb-108718/108718",
            "https://shop.kimelo.com//sku/cheese-indian-paneer-bulk-fresh-loaf-4-109240/109240",
            "https://shop.kimelo.com//sku/cheese-mozzarella-fresh-loaf-thin-slice-61-lb-112545/112545",
            "https://shop.kimelo.com//sku/cheese-mozzarella-wmlm-feather-shred-nb-45-lb-124254/124254",
            "https://shop.kimelo.com//sku/cheese-goat-crumbled-22-lb-123365/123365",
            "https://shop.kimelo.com//sku/cheese-mascarpone-tub-belgioioso-4-5-lb-107599/107599",
            "https://shop.kimelo.com//sku/cheese-feta-crumbles-president-25-lb-123341/123341",
            "https://shop.kimelo.com//sku/cheese-mozzarella-fresh-loaf-sliced-61-lb-123535/123535",
            "https://shop.kimelo.com//sku/cheese-feta-french-pail-valbreso-18-lb-avg-123797/123797",
            "https://shop.kimelo.com//sku/cheese-queso-fresco-casero-bulk-12-lbs-112596/112596",
            "https://shop.kimelo.com//sku/cheese-mozzarella-fresh-ovoline-galbani-23-lb-123382/123382",
            "https://shop.kimelo.com//sku/cheese-feta-in-brine-pail-2-8-lb-124284/124284",
            "https://shop.kimelo.com//sku/cheese-feta-sheepgoat-imported-ziria-14-kg-124111/124111",
            "https://shop.kimelo.com//sku/cheese-ricotta-4-5lb-108718/108718",
            "https://shop.kimelo.com//sku/cheese-indian-paneer-bulk-fresh-loaf-4-109240/109240",
            "https://shop.kimelo.com//sku/cheese-mozzarella-fresh-loaf-thin-slice-61-lb-112545/112545",
            "https://shop.kimelo.com//sku/cheese-mozzarella-wmlm-feather-shred-nb-45-lb-124254/124254",
            "https://shop.kimelo.com//sku/cheese-goat-crumbled-22-lb-123365/123365"
        ]
    },
    {
        "product_detail_url": "https://shop.kimelo.com/sku/cottage-cheese-classic-organic-125-oz-84778-sku-172052/172052",
        "image_url": "https://d3tlizm80tjdt4.cloudfront.net/remote_images/image/14127/small/8d497ba0b199b319f4f58febfebec4619b58c4763daff721fd.jpg",
        "product_name": "Cottage Cheese, Classic, Organic 12/5 Oz, 84778, Sku 172052",
        "product_code_from_url": "172052",
        "brand": "Good Culture",
        "price": "$39.93",
        "unit_price": "$3.33/ct",
        "status": "IN STOCK",
        "product_name_detail": "Cottage Cheese, Classic, Organic 12/5 Oz, 84778, Sku 172052",
        "brand_supplier_detail": "Good Culture",
        "categories": "Cheese / Cottage Cheese",
        "detail_page_main_image_url": "https://d3tlizm80tjdt4.cloudfront.net/remote_images/image/14127/large/4592cd8b283b8b952fa20c781d12f972304c9a87cb2f61e548.jpg",
        "detail_page_main_image_alt": "Cottage Cheese, Classic, Organic 12/5 Oz, 84778, Sku 172052",
        "detail_page_thumbnail_images": [
            {
                "url": "https://d3tlizm80tjdt4.cloudfront.net/remote_images/image/14127/small/8d497ba0b199b319f4f58febfebec4619b58c4763daff721fd.jpg",
                "alt": "Cottage Cheese, Classic, Organic 12/5 Oz, 84778, Sku 172052"
            }
        ],
        "sku": "172052",
        "upc": "172052",
        "quantity_package_info": "1 Item",
        "dimensions": "L 1\" x W 1\" x H 1\"",
        "weight": "3.75 lbs",
        "table_caption": "Product information or packaging displayed may not be current or complete. *Actual weight may vary based on seasonality and other factors.",
        "proposition_65_warning": "Warning: This product can expose you to chemicals including arsenic, which is known to the State of California to cause cancer. For more information, go to www.P65Warnings.ca.gov",
        "related_products": [],
        "other_like_products": []
    },
    {
        "product_detail_url": "https://shop.kimelo.com/sku/cheese-parmesan-shredded-6-5-lb-124603/124603",
        "image_url": "https://d3tlizm80tjdt4.cloudfront.net/remote_images/image/2650/small/8ccc10b43c0da13a2feaa26d6af00080d864418c35ce1b4439.jpg",
        "product_name": "Cheese, Parmesan, Shredded, (6) 5 Lb - 124603",
        "product_code_from_url": "124603",
        "brand": "Galbani",
        "price": "N/A",
        "unit_price": "N/A",
        "status": "BACK IN STOCK SOON",
        "product_name_detail": "Cheese, Parmesan, Shredded, (6) 5 Lb",
        "item_number_from_name": "124603",
        "brand_supplier_detail": "Galbani",
        "categories": "Cheese / Shredded Cheese",
        "detail_page_main_image_url": "https://d3tlizm80tjdt4.cloudfront.net/remote_images/image/2650/large/159ca5679a59aa3c415b09d0ff0c1ddf31320ae7bb863a3660.jpg",
        "detail_page_main_image_alt": "Cheese, Parmesan, Shredded, (6) 5 Lb - 124603",
        "detail_page_thumbnail_images": [
            {
                "url": "https://d3tlizm80tjdt4.cloudfront.net/remote_images/image/2650/small/8ccc10b43c0da13a2feaa26d6af00080d864418c35ce1b4439.jpg",
                "alt": "Cheese, Parmesan, Shredded, (6) 5 Lb - 124603"
            }
        ],
        "sku": "124603",
        "upc": "124603",
        "quantity_package_info": "6 Eaches",
        "dimensions": "L 1\" x W 1\" x H 1\"",
        "weight": "5 lbs",
        "table_caption": "Product information or packaging displayed may not be current or complete. *Actual weight may vary based on seasonality and other factors.",
        "proposition_65_warning": "Warning: This product can expose you to chemicals including arsenic, which is known to the State of California to cause cancer. For more information, go to www.P65Warnings.ca.gov",
        "related_products": [
            "https://shop.kimelo.com//sku/cheese-parmesan-shaved-4-5-lb-106816/106816",
            "https://shop.kimelo.com//sku/cheese-parmesan-grated-imported-4-5-lb-111522/111522",
            "https://shop.kimelo.com//sku/cheese-parmesan-wheel-usa-20-lb-avg-112306/112306",
            "https://shop.kimelo.com//sku/cheese-parmesan-shaved-4-5-lb-106816/106816",
            "https://shop.kimelo.com//sku/cheese-parmesan-grated-imported-4-5-lb-111522/111522",
            "https://shop.kimelo.com//sku/cheese-parmesan-wheel-usa-20-lb-avg-112306/112306",
            "https://shop.kimelo.com//sku/cheese-parmesan-shaved-4-5-lb-106816/106816",
            "https://shop.kimelo.com//sku/cheese-parmesan-grated-imported-4-5-lb-111522/111522"
        ],
        "other_like_products": [
            "https://shop.kimelo.com//sku/cheese-parmesan-shaved-4-5-lb-106816/106816",
            "https://shop.kimelo.com//sku/cheese-parmesan-grated-imported-4-5-lb-111522/111522",
            "https://shop.kimelo.com//sku/cheese-parmesan-wheel-usa-20-lb-avg-112306/112306",
            "https://shop.kimelo.com//sku/cheese-parmesan-shaved-4-5-lb-106816/106816",
            "https://shop.kimelo.com//sku/cheese-parmesan-grated-imported-4-5-lb-111522/111522",
            "https://shop.kimelo.com//sku/cheese-parmesan-wheel-usa-20-lb-avg-112306/112306",
            "https://shop.kimelo.com//sku/cheese-parmesan-shaved-4-5-lb-106816/106816",
            "https://shop.kimelo.com//sku/cheese-parmesan-grated-imported-4-5-lb-111522/111522"
        ]
    },
    {
        "product_detail_url": "https://shop.kimelo.com/sku/cheese-brie-60-22-lb-123527/123527",
        "image_url": "https://d3tlizm80tjdt4.cloudfront.net/remote_images/image/1073/small/b1d9e1f95c8820a32503eaeb15b2209c65268ad5e29a3f395c.jpg",
        "product_name": "Cheese, Brie, 60%, 2/2 Lb - 123527",
        "product_code_from_url": "123527",
        "brand": "President",
        "price": "N/A",
        "unit_price": "N/A",
        "status": "BACK IN STOCK SOON",
        "product_name_detail": "Cheese, Brie, 60%, 2/2 Lb",
        "item_number_from_name": "123527",
        "brand_supplier_detail": "President",
        "categories": "Cheese / Specialty Cheese",
        "detail_page_main_image_url": "https://d3tlizm80tjdt4.cloudfront.net/remote_images/image/1073/large/53cdb56d1f891032651832ca6e00249450db8d2f08bf34ec47.jpg",
        "detail_page_main_image_alt": "Cheese, Brie, 60%, 2/2 Lb - 123527",
        "detail_page_thumbnail_images": [
            {
                "url": "https://d3tlizm80tjdt4.cloudfront.net/remote_images/image/1073/small/b1d9e1f95c8820a32503eaeb15b2209c65268ad5e29a3f395c.jpg",
                "alt": "Cheese, Brie, 60%, 2/2 Lb - 123527"
            }
        ],
        "sku": "123527",
        "upc": "123527",
        "quantity_package_info": "1 Item",
        "dimensions": "L 1\" x W 1\" x H 1\"",
        "weight": "4 lbs",
        "table_caption": "Product information or packaging displayed may not be current or complete. *Actual weight may vary based on seasonality and other factors.",
        "proposition_65_warning": "Warning: This product can expose you to chemicals including arsenic, which is known to the State of California to cause cancer. For more information, go to www.P65Warnings.ca.gov",
        "related_products": [],
        "other_like_products": [
            "https://shop.kimelo.com//sku/cheese-mascarpone-tub-belgioioso-4-5-lb-107599/107599",
            "https://shop.kimelo.com//sku/cheese-mozzarella-fresh-loaf-thin-slice-61-lb-112545/112545",
            "https://shop.kimelo.com//sku/cheese-mozzarella-fresh-loaf-sliced-61-lb-123535/123535",
            "https://shop.kimelo.com//sku/cheese-mozzarella-fresh-ovoline-galbani-23-lb-123382/123382",
            "https://shop.kimelo.com//sku/cheese-feta-in-brine-pail-2-8-lb-124284/124284",
            "https://shop.kimelo.com//sku/cheese-feta-french-pail-valbreso-18-lb-avg-123797/123797",
            "https://shop.kimelo.com//sku/cheese-queso-fresco-casero-bulk-12-lbs-112596/112596",
            "https://shop.kimelo.com//sku/cheese-feta-crumbles-president-25-lb-123341/123341",
            "https://shop.kimelo.com//sku/cheese-mascarpone-tub-belgioioso-4-5-lb-107599/107599",
            "https://shop.kimelo.com//sku/cheese-mozzarella-fresh-loaf-thin-slice-61-lb-112545/112545",
            "https://shop.kimelo.com//sku/cheese-mozzarella-fresh-loaf-sliced-61-lb-123535/123535",
            "https://shop.kimelo.com//sku/cheese-mozzarella-fresh-ovoline-galbani-23-lb-123382/123382",
            "https://shop.kimelo.com//sku/cheese-feta-in-brine-pail-2-8-lb-124284/124284",
            "https://shop.kimelo.com//sku/cheese-feta-french-pail-valbreso-18-lb-avg-123797/123797",
            "https://shop.kimelo.com//sku/cheese-queso-fresco-casero-bulk-12-lbs-112596/112596",
            "https://shop.kimelo.com//sku/cheese-feta-crumbles-president-25-lb-123341/123341",
            "https://shop.kimelo.com//sku/cheese-mascarpone-tub-belgioioso-4-5-lb-107599/107599",
            "https://shop.kimelo.com//sku/cheese-mozzarella-fresh-loaf-thin-slice-61-lb-112545/112545",
            "https://shop.kimelo.com//sku/cheese-mozzarella-fresh-loaf-sliced-61-lb-123535/123535",
            "https://shop.kimelo.com//sku/cheese-mozzarella-fresh-ovoline-galbani-23-lb-123382/123382",
            "https://shop.kimelo.com//sku/cheese-feta-in-brine-pail-2-8-lb-124284/124284",
            "https://shop.kimelo.com//sku/cheese-feta-french-pail-valbreso-18-lb-avg-123797/123797"
        ]
    },
    {
        "product_detail_url": "https://shop.kimelo.com/sku/cheese-stringles-string-mozzarella-organic-241-oz-ct-10278-sku-172034/172034",
        "image_url": "https://d3tlizm80tjdt4.cloudfront.net/remote_images/image/14108/small/d36c33635977c041d652f1f7a3af8c01abffa2f2456ec7c315.jpg",
        "product_name": "Cheese, Stringles String Mozzarella, Organic 24/1 Oz Ct , 10278 - Sku 172034",
        "product_code_from_url": "172034",
        "brand": "Organic Valley",
        "price": "$20.65",
        "unit_price": "$0.86/ct",
        "status": "IN STOCK",
        "product_name_detail": "Cheese, Stringles String Mozzarella, Organic 24/1 Oz Ct , 10278 - Sku 172034",
        "brand_supplier_detail": "Organic Valley",
        "categories": "Cheese / Specialty Cheese",
        "detail_page_main_image_url": "https://d3tlizm80tjdt4.cloudfront.net/remote_images/image/14108/large/1e1a30fbd64008edf49188430d0cb4542ac9e0615d8f6e2380.jpg",
        "detail_page_main_image_alt": "Cheese, Stringles String Mozzarella, Organic 24/1 Oz Ct , 10278 - Sku 172034",
        "detail_page_thumbnail_images": [
            {
                "url": "https://d3tlizm80tjdt4.cloudfront.net/remote_images/image/14108/small/d36c33635977c041d652f1f7a3af8c01abffa2f2456ec7c315.jpg",
                "alt": "Cheese, Stringles String Mozzarella, Organic 24/1 Oz Ct , 10278 - Sku 172034"
            }
        ],
        "sku": "172034",
        "upc": "172034",
        "quantity_package_info": "1 Item",
        "dimensions": "L 1\" x W 1\" x H 1\"",
        "weight": "1.5 lbs",
        "table_caption": "Product information or packaging displayed may not be current or complete. *Actual weight may vary based on seasonality and other factors.",
        "proposition_65_warning": "Warning: This product can expose you to chemicals including arsenic, which is known to the State of California to cause cancer. For more information, go to www.P65Warnings.ca.gov",
        "related_products": [],
        "other_like_products": [
            "https://shop.kimelo.com//sku/cheese-mozzarella-fresh-loaf-thin-slice-61-lb-112545/112545",
            "https://shop.kimelo.com//sku/cheese-feta-in-brine-pail-2-8-lb-124284/124284",
            "https://shop.kimelo.com//sku/cheese-mozzarella-fresh-loaf-sliced-61-lb-123535/123535",
            "https://shop.kimelo.com//sku/cheese-feta-french-pail-valbreso-18-lb-avg-123797/123797",
            "https://shop.kimelo.com//sku/cheese-mozzarella-fresh-ovoline-galbani-23-lb-123382/123382",
            "https://shop.kimelo.com//sku/cheese-feta-sheepgoat-imported-ziria-14-kg-124111/124111",
            "https://shop.kimelo.com//sku/cheese-mascarpone-tub-belgioioso-4-5-lb-107599/107599",
            "https://shop.kimelo.com//sku/cheese-queso-fresco-casero-bulk-12-lbs-112596/112596",
            "https://shop.kimelo.com//sku/cheese-feta-crumbles-president-25-lb-123341/123341",
            "https://shop.kimelo.com//sku/cheese-mozzarella-fresh-loaf-thin-slice-61-lb-112545/112545",
            "https://shop.kimelo.com//sku/cheese-feta-in-brine-pail-2-8-lb-124284/124284",
            "https://shop.kimelo.com//sku/cheese-mozzarella-fresh-loaf-sliced-61-lb-123535/123535",
            "https://shop.kimelo.com//sku/cheese-feta-french-pail-valbreso-18-lb-avg-123797/123797",
            "https://shop.kimelo.com//sku/cheese-mozzarella-fresh-ovoline-galbani-23-lb-123382/123382",
            "https://shop.kimelo.com//sku/cheese-feta-sheepgoat-imported-ziria-14-kg-124111/124111",
            "https://shop.kimelo.com//sku/cheese-mascarpone-tub-belgioioso-4-5-lb-107599/107599",
            "https://shop.kimelo.com//sku/cheese-queso-fresco-casero-bulk-12-lbs-112596/112596",
            "https://shop.kimelo.com//sku/cheese-feta-crumbles-president-25-lb-123341/123341",
            "https://shop.kimelo.com//sku/cheese-mozzarella-fresh-loaf-thin-slice-61-lb-112545/112545",
            "https://shop.kimelo.com//sku/cheese-feta-in-brine-pail-2-8-lb-124284/124284",
            "https://shop.kimelo.com//sku/cheese-mozzarella-fresh-loaf-sliced-61-lb-123535/123535",
            "https://shop.kimelo.com//sku/cheese-feta-french-pail-valbreso-18-lb-avg-123797/123797",
            "https://shop.kimelo.com//sku/cheese-mozzarella-fresh-ovoline-galbani-23-lb-123382/123382",
            "https://shop.kimelo.com//sku/cheese-feta-sheepgoat-imported-ziria-14-kg-124111/124111"
        ]
    },
    {
        "product_detail_url": "https://shop.kimelo.com/sku/cheese-feta-in-brine-pail-28-lb-123928/123928",
        "image_url": "https://d3tlizm80tjdt4.cloudfront.net/image/18031/image/sm-4300f3a70bfa2261c03c2ddc7f7fa85b.jpg",
        "product_name": "Cheese, Feta, In Brine, Pail, 28 Lb - 123928",
        "product_code_from_url": "123928",
        "brand": "Cucina",
        "price": "N/A",
        "unit_price": "N/A",
        "status": "BACK IN STOCK SOON",
        "product_name_detail": "Cheese, Feta, In Brine, Pail, 28 Lb",
        "item_number_from_name": "123928",
        "brand_supplier_detail": "Cucina",
        "categories": "Cheese / Specialty Cheese",
        "detail_page_main_image_url": "https://d3tlizm80tjdt4.cloudfront.net/image/18031/image/lg-9a5fece08e46ba4c33387c61ec8d246f.jpg",
        "detail_page_main_image_alt": "Cheese, Feta, In Brine, Pail, 28 Lb - 123928",
        "detail_page_thumbnail_images": [
            {
                "url": "https://d3tlizm80tjdt4.cloudfront.net/image/18031/image/sm-4300f3a70bfa2261c03c2ddc7f7fa85b.jpg",
                "alt": "Cheese, Feta, In Brine, Pail, 28 Lb - 123928"
            }
        ],
        "sku": "123928",
        "upc": "123928",
        "quantity_package_info": "1 Item",
        "dimensions": "L 1\" x W 1\" x H 1\"",
        "weight": "28 lbs",
        "table_caption": "Product information or packaging displayed may not be current or complete. *Actual weight may vary based on seasonality and other factors.",
        "proposition_65_warning": "Warning: This product can expose you to chemicals including arsenic, which is known to the State of California to cause cancer. For more information, go to www.P65Warnings.ca.gov",
        "related_products": [
            "https://shop.kimelo.com//sku/cheese-feta-french-pail-valbreso-18-lb-avg-123797/123797",
            "https://shop.kimelo.com//sku/cheese-feta-in-brine-pail-2-8-lb-124284/124284"
        ],
        "other_like_products": [
            "https://shop.kimelo.com//sku/cheese-feta-in-brine-pail-2-8-lb-124284/124284",
            "https://shop.kimelo.com//sku/cheese-goat-chefs-chevre-tub-2-4-lb-103638/103638",
            "https://shop.kimelo.com//sku/cheese-ricotta-4-5lb-108718/108718",
            "https://shop.kimelo.com//sku/cheese-feta-sheepgoat-imported-ziria-14-kg-124111/124111",
            "https://shop.kimelo.com//sku/cheese-mozzarella-fresh-loaf-thin-slice-61-lb-112545/112545",
            "https://shop.kimelo.com//sku/cheese-mozzarella-wmlm-feather-shred-nb-45-lb-124254/124254",
            "https://shop.kimelo.com//sku/cheese-mascarpone-tub-belgioioso-4-5-lb-107599/107599",
            "https://shop.kimelo.com//sku/cheese-mozzarella-fresh-ovoline-galbani-23-lb-123382/123382",
            "https://shop.kimelo.com//sku/cheese-feta-french-pail-valbreso-18-lb-avg-123797/123797",
            "https://shop.kimelo.com//sku/cheese-queso-fresco-casero-bulk-12-lbs-112596/112596",
            "https://shop.kimelo.com//sku/cheese-feta-crumbles-president-25-lb-123341/123341",
            "https://shop.kimelo.com//sku/cheese-feta-rbst-free-estia-24-lb-124006/124006",
            "https://shop.kimelo.com//sku/cheese-mozzarella-fresh-loaf-sliced-61-lb-123535/123535",
            "https://shop.kimelo.com//sku/cheese-feta-in-brine-pail-2-8-lb-124284/124284",
            "https://shop.kimelo.com//sku/cheese-goat-chefs-chevre-tub-2-4-lb-103638/103638",
            "https://shop.kimelo.com//sku/cheese-ricotta-4-5lb-108718/108718",
            "https://shop.kimelo.com//sku/cheese-feta-sheepgoat-imported-ziria-14-kg-124111/124111",
            "https://shop.kimelo.com//sku/cheese-mozzarella-fresh-loaf-thin-slice-61-lb-112545/112545",
            "https://shop.kimelo.com//sku/cheese-mozzarella-wmlm-feather-shred-nb-45-lb-124254/124254",
            "https://shop.kimelo.com//sku/cheese-mascarpone-tub-belgioioso-4-5-lb-107599/107599",
            "https://shop.kimelo.com//sku/cheese-mozzarella-fresh-ovoline-galbani-23-lb-123382/123382",
            "https://shop.kimelo.com//sku/cheese-feta-french-pail-valbreso-18-lb-avg-123797/123797",
            "https://shop.kimelo.com//sku/cheese-queso-fresco-casero-bulk-12-lbs-112596/112596",
            "https://shop.kimelo.com//sku/cheese-feta-crumbles-president-25-lb-123341/123341",
            "https://shop.kimelo.com//sku/cheese-feta-rbst-free-estia-24-lb-124006/124006",
            "https://shop.kimelo.com//sku/cheese-mozzarella-fresh-loaf-sliced-61-lb-123535/123535",
            "https://shop.kimelo.com//sku/cheese-feta-in-brine-pail-2-8-lb-124284/124284",
            "https://shop.kimelo.com//sku/cheese-goat-chefs-chevre-tub-2-4-lb-103638/103638",
            "https://shop.kimelo.com//sku/cheese-ricotta-4-5lb-108718/108718",
            "https://shop.kimelo.com//sku/cheese-feta-sheepgoat-imported-ziria-14-kg-124111/124111",
            "https://shop.kimelo.com//sku/cheese-mozzarella-fresh-loaf-thin-slice-61-lb-112545/112545",
            "https://shop.kimelo.com//sku/cheese-mozzarella-wmlm-feather-shred-nb-45-lb-124254/124254"
        ]
    },
    {
        "product_detail_url": "https://shop.kimelo.com/sku/cheese-mozzarella-wmlm-premio-tigrato-shred-65lb-125732/125732",
        "image_url": "https://d3tlizm80tjdt4.cloudfront.net/remote_images/image/7219/small/6c77b279a5ed42add9439bbdfc694637d60aaae4f2f0ec56d7.jpg",
        "product_name": "Cheese, Mozzarella, Wmlm, Premio, Tigrato Shred, 6/5lb 125732",
        "product_code_from_url": "125732",
        "brand": "Galbani Premio",
        "price": "N/A",
        "unit_price": "N/A",
        "status": "BACK IN STOCK SOON",
        "product_name_detail": "Cheese, Mozzarella, Wmlm, Premio, Tigrato Shred, 6/5lb 125732",
        "brand_supplier_detail": "Galbani Premio",
        "categories": "Cheese / Specialty Cheese",
        "detail_page_main_image_url": "https://d3tlizm80tjdt4.cloudfront.net/remote_images/image/7219/large/033c01725f633ca8a59c3d6dcaf44be923452f0bca262e94b0.jpg",
        "detail_page_main_image_alt": "Cheese, Mozzarella, Wmlm, Premio, Tigrato Shred, 6/5lb 125732",
        "detail_page_thumbnail_images": [
            {
                "url": "https://d3tlizm80tjdt4.cloudfront.net/remote_images/image/7219/small/6c77b279a5ed42add9439bbdfc694637d60aaae4f2f0ec56d7.jpg",
                "alt": "Cheese, Mozzarella, Wmlm, Premio, Tigrato Shred, 6/5lb 125732"
            }
        ],
        "sku": "125732",
        "upc": "125732",
        "quantity_package_info": "1 Item",
        "dimensions": "L 1\" x W 1\" x H 1\"",
        "weight": "30 lbs",
        "table_caption": "Product information or packaging displayed may not be current or complete. *Actual weight may vary based on seasonality and other factors.",
        "proposition_65_warning": "Warning: This product can expose you to chemicals including arsenic, which is known to the State of California to cause cancer. For more information, go to www.P65Warnings.ca.gov",
        "related_products": [],
        "other_like_products": [
            "https://shop.kimelo.com//sku/cheese-feta-french-pail-valbreso-18-lb-avg-123797/123797",
            "https://shop.kimelo.com//sku/cheese-mascarpone-tub-belgioioso-4-5-lb-107599/107599",
            "https://shop.kimelo.com//sku/cheese-feta-sheepgoat-imported-ziria-14-kg-124111/124111",
            "https://shop.kimelo.com//sku/cheese-mozzarella-fresh-loaf-thin-slice-61-lb-112545/112545",
            "https://shop.kimelo.com//sku/cheese-feta-in-brine-pail-2-8-lb-124284/124284",
            "https://shop.kimelo.com//sku/cheese-mozzarella-wmlm-feather-shred-nb-45-lb-124254/124254",
            "https://shop.kimelo.com//sku/cheese-queso-fresco-casero-bulk-12-lbs-112596/112596",
            "https://shop.kimelo.com//sku/cheese-mozzarella-fresh-loaf-sliced-61-lb-123535/123535",
            "https://shop.kimelo.com//sku/cheese-feta-crumbles-president-25-lb-123341/123341",
            "https://shop.kimelo.com//sku/cheese-mozzarella-fresh-ovoline-galbani-23-lb-123382/123382",
            "https://shop.kimelo.com//sku/cheese-feta-french-pail-valbreso-18-lb-avg-123797/123797",
            "https://shop.kimelo.com//sku/cheese-mascarpone-tub-belgioioso-4-5-lb-107599/107599",
            "https://shop.kimelo.com//sku/cheese-feta-sheepgoat-imported-ziria-14-kg-124111/124111",
            "https://shop.kimelo.com//sku/cheese-mozzarella-fresh-loaf-thin-slice-61-lb-112545/112545",
            "https://shop.kimelo.com//sku/cheese-feta-in-brine-pail-2-8-lb-124284/124284",
            "https://shop.kimelo.com//sku/cheese-mozzarella-wmlm-feather-shred-nb-45-lb-124254/124254",
            "https://shop.kimelo.com//sku/cheese-queso-fresco-casero-bulk-12-lbs-112596/112596",
            "https://shop.kimelo.com//sku/cheese-mozzarella-fresh-loaf-sliced-61-lb-123535/123535",
            "https://shop.kimelo.com//sku/cheese-feta-crumbles-president-25-lb-123341/123341",
            "https://shop.kimelo.com//sku/cheese-mozzarella-fresh-ovoline-galbani-23-lb-123382/123382",
            "https://shop.kimelo.com//sku/cheese-feta-french-pail-valbreso-18-lb-avg-123797/123797",
            "https://shop.kimelo.com//sku/cheese-mascarpone-tub-belgioioso-4-5-lb-107599/107599",
            "https://shop.kimelo.com//sku/cheese-feta-sheepgoat-imported-ziria-14-kg-124111/124111",
            "https://shop.kimelo.com//sku/cheese-mozzarella-fresh-loaf-thin-slice-61-lb-112545/112545",
            "https://shop.kimelo.com//sku/cheese-feta-in-brine-pail-2-8-lb-124284/124284",
            "https://shop.kimelo.com//sku/cheese-mozzarella-wmlm-feather-shred-nb-45-lb-124254/124254"
        ]
    },
    {
        "product_detail_url": "https://shop.kimelo.com/sku/cheese-mozzarella-fresh-ciliegine-ball-2-3-lb-103593/103593",
        "image_url": "https://d3tlizm80tjdt4.cloudfront.net/image/2896/image/sm-dd03d82250538609a7f34030a50e240b.jpg",
        "product_name": "Cheese, Mozzarella, Fresh, Ciliegine Ball, (2) 3 Lb 103593",
        "product_code_from_url": "103593",
        "brand": "Galbani",
        "price": "N/A",
        "unit_price": "N/A",
        "status": "BACK IN STOCK SOON",
        "product_name_detail": "Cheese, Mozzarella, Fresh, Ciliegine Ball, (2) 3 Lb 103593",
        "brand_supplier_detail": "Galbani",
        "categories": "Cheese / Specialty Cheese",
        "detail_page_main_image_url": "https://d3tlizm80tjdt4.cloudfront.net/image/2895/image/lg-7809c0008ee6f54dfc0e071eb31acb3d.jpg",
        "detail_page_main_image_alt": "Cheese, Mozzarella, Fresh, Ciliegine Ball, (2) 3 Lb 103593",
        "detail_page_thumbnail_images": [
            {
                "url": "https://d3tlizm80tjdt4.cloudfront.net/image/2895/image/sm-39fab4880cecbec356527056a05d3a44.jpg",
                "alt": "Cheese, Mozzarella, Fresh, Ciliegine Ball, (2) 3 Lb 103593"
            },
            {
                "url": "https://d3tlizm80tjdt4.cloudfront.net/image/2896/image/sm-dd03d82250538609a7f34030a50e240b.jpg",
                "alt": "Cheese, Mozzarella, Fresh, Ciliegine Ball, (2) 3 Lb 103593"
            }
        ],
        "sku": "103593",
        "upc": "103593",
        "quantity_package_info": "2 Eaches",
        "dimensions": "L 1\" x W 1\" x H 1\"",
        "weight": "3 lbs",
        "table_caption": "Product information or packaging displayed may not be current or complete. *Actual weight may vary based on seasonality and other factors.",
        "proposition_65_warning": "Warning: This product can expose you to chemicals including arsenic, which is known to the State of California to cause cancer. For more information, go to www.P65Warnings.ca.gov",
        "related_products": [
            "https://shop.kimelo.com//sku/cheese-mozzarella-fresh-ovoline-galbani-23-lb-123382/123382"
        ],
        "other_like_products": [
            "https://shop.kimelo.com//sku/cheese-feta-in-brine-pail-2-8-lb-124284/124284",
            "https://shop.kimelo.com//sku/cheese-mozzarella-fresh-ovoline-galbani-23-lb-123382/123382",
            "https://shop.kimelo.com//sku/cheese-mozzarella-fresh-loaf-sliced-61-lb-123535/123535",
            "https://shop.kimelo.com//sku/cheese-feta-sheepgoat-imported-ziria-14-kg-124111/124111",
            "https://shop.kimelo.com//sku/cheese-goat-crumbled-22-lb-123365/123365",
            "https://shop.kimelo.com//sku/cheese-feta-french-pail-valbreso-18-lb-avg-123797/123797",
            "https://shop.kimelo.com//sku/cheese-queso-fresco-casero-bulk-12-lbs-112596/112596",
            "https://shop.kimelo.com//sku/cheese-feta-crumbles-president-25-lb-123341/123341",
            "https://shop.kimelo.com//sku/cheese-mozzarella-fresh-loaf-thin-slice-61-lb-112545/112545",
            "https://shop.kimelo.com//sku/cheese-mascarpone-tub-belgioioso-4-5-lb-107599/107599",
            "https://shop.kimelo.com//sku/cheese-feta-in-brine-pail-2-8-lb-124284/124284",
            "https://shop.kimelo.com//sku/cheese-mozzarella-fresh-ovoline-galbani-23-lb-123382/123382",
            "https://shop.kimelo.com//sku/cheese-mozzarella-fresh-loaf-sliced-61-lb-123535/123535",
            "https://shop.kimelo.com//sku/cheese-feta-sheepgoat-imported-ziria-14-kg-124111/124111",
            "https://shop.kimelo.com//sku/cheese-goat-crumbled-22-lb-123365/123365",
            "https://shop.kimelo.com//sku/cheese-feta-french-pail-valbreso-18-lb-avg-123797/123797",
            "https://shop.kimelo.com//sku/cheese-queso-fresco-casero-bulk-12-lbs-112596/112596",
            "https://shop.kimelo.com//sku/cheese-feta-crumbles-president-25-lb-123341/123341",
            "https://shop.kimelo.com//sku/cheese-mozzarella-fresh-loaf-thin-slice-61-lb-112545/112545",
            "https://shop.kimelo.com//sku/cheese-mascarpone-tub-belgioioso-4-5-lb-107599/107599",
            "https://shop.kimelo.com//sku/cheese-feta-in-brine-pail-2-8-lb-124284/124284",
            "https://shop.kimelo.com//sku/cheese-mozzarella-fresh-ovoline-galbani-23-lb-123382/123382",
            "https://shop.kimelo.com//sku/cheese-mozzarella-fresh-loaf-sliced-61-lb-123535/123535",
            "https://shop.kimelo.com//sku/cheese-feta-sheepgoat-imported-ziria-14-kg-124111/124111",
            "https://shop.kimelo.com//sku/cheese-goat-crumbled-22-lb-123365/123365",
            "https://shop.kimelo.com//sku/cheese-feta-french-pail-valbreso-18-lb-avg-123797/123797"
        ]
    },
    {
        "product_detail_url": "https://shop.kimelo.com/sku/cheese-grilling-domestic-yanni-128-oz-124017/124017",
        "image_url": "https://d3tlizm80tjdt4.cloudfront.net/remote_images/image/1898/small/d052d2826fa65f597dbb4441da172a9957dee2a899142d1940.jpg",
        "product_name": "Cheese, Grilling, Domestic, Yanni, 12/8 Oz 124017",
        "product_code_from_url": "124017",
        "brand": "Yanni",
        "price": "N/A",
        "unit_price": "N/A",
        "status": "BACK IN STOCK SOON",
        "product_name_detail": "Cheese, Grilling, Domestic, Yanni, 12/8 Oz 124017",
        "brand_supplier_detail": "Yanni",
        "categories": "Cheese / Sliced Cheese",
        "detail_page_main_image_url": "https://d3tlizm80tjdt4.cloudfront.net/remote_images/image/1898/large/ba70a2c87ccd1002cd0be0d44ac7e037502f3c2b81df4d57be.jpg",
        "detail_page_main_image_alt": "Cheese, Grilling, Domestic, Yanni, 12/8 Oz 124017",
        "detail_page_thumbnail_images": [
            {
                "url": "https://d3tlizm80tjdt4.cloudfront.net/remote_images/image/1898/small/d052d2826fa65f597dbb4441da172a9957dee2a899142d1940.jpg",
                "alt": "Cheese, Grilling, Domestic, Yanni, 12/8 Oz 124017"
            }
        ],
        "sku": "124017",
        "upc": "124017",
        "quantity_package_info": "1 Item",
        "dimensions": "L 1\" x W 1\" x H 1\"",
        "weight": "6 lbs",
        "table_caption": "Product information or packaging displayed may not be current or complete. *Actual weight may vary based on seasonality and other factors.",
        "proposition_65_warning": "Warning: This product can expose you to chemicals including arsenic, which is known to the State of California to cause cancer. For more information, go to www.P65Warnings.ca.gov",
        "related_products": [],
        "other_like_products": [
            "https://shop.kimelo.com//sku/cheese-kefalotyri-hard-wheel-greek-import-18-lb-avg-124125/124125",
            "https://shop.kimelo.com//sku/cheese-pecorino-romano-14-lb-124109/124109",
            "https://shop.kimelo.com//sku/cheese-swiss-sliced-processed-120-ct-4-5-lb-100014/100014",
            "https://shop.kimelo.com//sku/cheese-swiss-sliced-8-15-lb-103602/103602",
            "https://shop.kimelo.com//sku/cheese-cheddar-medium-loaf-2-5lb-106815/106815",
            "https://shop.kimelo.com//sku/cheese-cheddar-mild-loaf-8-5-lb-103670/103670",
            "https://shop.kimelo.com//sku/cheese-halloumi-tradition-greek-import-4088-oz-124144/124144",
            "https://shop.kimelo.com//sku/cheese-gruyere-imported-loaf-2-5-lb-108978/108978",
            "https://shop.kimelo.com//sku/cheese-paneer-gopi-1514-oz-124005/124005",
            "https://shop.kimelo.com//sku/cheese-provolone-sliced-8-15-lb-103601/103601",
            "https://shop.kimelo.com//sku/cheese-american-120-slice-yellow-4-5-lb-103674/103674",
            "https://shop.kimelo.com//sku/cheese-kefalotyri-hard-wheel-greek-import-18-lb-avg-124125/124125",
            "https://shop.kimelo.com//sku/cheese-pecorino-romano-14-lb-124109/124109",
            "https://shop.kimelo.com//sku/cheese-swiss-sliced-processed-120-ct-4-5-lb-100014/100014",
            "https://shop.kimelo.com//sku/cheese-swiss-sliced-8-15-lb-103602/103602",
            "https://shop.kimelo.com//sku/cheese-cheddar-medium-loaf-2-5lb-106815/106815",
            "https://shop.kimelo.com//sku/cheese-cheddar-mild-loaf-8-5-lb-103670/103670",
            "https://shop.kimelo.com//sku/cheese-halloumi-tradition-greek-import-4088-oz-124144/124144",
            "https://shop.kimelo.com//sku/cheese-gruyere-imported-loaf-2-5-lb-108978/108978",
            "https://shop.kimelo.com//sku/cheese-paneer-gopi-1514-oz-124005/124005",
            "https://shop.kimelo.com//sku/cheese-provolone-sliced-8-15-lb-103601/103601",
            "https://shop.kimelo.com//sku/cheese-american-120-slice-yellow-4-5-lb-103674/103674",
            "https://shop.kimelo.com//sku/cheese-kefalotyri-hard-wheel-greek-import-18-lb-avg-124125/124125",
            "https://shop.kimelo.com//sku/cheese-pecorino-romano-14-lb-124109/124109",
            "https://shop.kimelo.com//sku/cheese-swiss-sliced-processed-120-ct-4-5-lb-100014/100014",
            "https://shop.kimelo.com//sku/cheese-swiss-sliced-8-15-lb-103602/103602",
            "https://shop.kimelo.com//sku/cheese-cheddar-medium-loaf-2-5lb-106815/106815",
            "https://shop.kimelo.com//sku/cheese-cheddar-mild-loaf-8-5-lb-103670/103670"
        ]
    },
    {
        "product_detail_url": "https://shop.kimelo.com/sku/cheese-myzithra-ball-imported/124640",
        "image_url": "https://d3tlizm80tjdt4.cloudfront.net/remote_images/image/2633/small/a61a9af8858203a8085b3cd5314e44f2375da6387dd3b0ab73.jpg",
        "product_name": "Cheese, Myzithra, Ball, Imported",
        "product_code_from_url": "124640",
        "brand": "Stymfalia",
        "price": "N/A",
        "unit_price": "N/A",
        "status": "BACK IN STOCK SOON",
        "product_name_detail": "Cheese, Myzithra, Ball, Imported",
        "brand_supplier_detail": "Stymfalia",
        "categories": "Cheese / Sliced Cheese",
        "detail_page_main_image_url": "https://d3tlizm80tjdt4.cloudfront.net/remote_images/image/2633/large/03e9030fe8ae6de8354ad8cc6dbf315c9a4c5053922541b1fe.jpg",
        "detail_page_main_image_alt": "Cheese, Myzithra, Ball, Imported",
        "detail_page_thumbnail_images": [
            {
                "url": "https://d3tlizm80tjdt4.cloudfront.net/remote_images/image/2633/small/a61a9af8858203a8085b3cd5314e44f2375da6387dd3b0ab73.jpg",
                "alt": "Cheese, Myzithra, Ball, Imported"
            }
        ],
        "sku": "124640",
        "upc": "124640",
        "quantity_package_info": "1 Item",
        "dimensions": "L 13.5\" x W 9.25\" x H 8.25\"",
        "weight": "17 lbs",
        "table_caption": "Product information or packaging displayed may not be current or complete. *Actual weight may vary based on seasonality and other factors.",
        "proposition_65_warning": "Warning: This product can expose you to chemicals including arsenic, which is known to the State of California to cause cancer. For more information, go to www.P65Warnings.ca.gov",
        "related_products": [
            "https://shop.kimelo.com//sku/cheese-gruyere-imported-loaf-2-5-lb-108978/108978"
        ],
        "other_like_products": [
            "https://shop.kimelo.com//sku/cheese-pecorino-romano-14-lb-124109/124109",
            "https://shop.kimelo.com//sku/cheese-swiss-sliced-8-15-lb-103602/103602",
            "https://shop.kimelo.com//sku/cheese-american-120-slice-yellow-4-5-lb-103674/103674",
            "https://shop.kimelo.com//sku/cheese-pepper-jack-loaf-8-103672/103672",
            "https://shop.kimelo.com//sku/cheese-swiss-sliced-processed-120-ct-4-5-lb-100014/100014",
            "https://shop.kimelo.com//sku/cheese-jack-pepper-sliced-8-15-lb-124829/124829",
            "https://shop.kimelo.com//sku/cheese-gruyere-imported-loaf-2-5-lb-108978/108978",
            "https://shop.kimelo.com//sku/cheese-goat-chefs-chevre-tub-2-4-lb-103638/103638",
            "https://shop.kimelo.com//sku/cheese-monterey-jack-block-40-lb-avg-103562/103562",
            "https://shop.kimelo.com//sku/cheese-provolone-sliced-8-15-lb-103601/103601",
            "https://shop.kimelo.com//sku/cheese-paneer-gopi-1514-oz-124005/124005",
            "https://shop.kimelo.com//sku/cheese-halloumi-tradition-greek-import-4088-oz-124144/124144",
            "https://shop.kimelo.com//sku/cheese-pecorino-romano-14-lb-124109/124109",
            "https://shop.kimelo.com//sku/cheese-swiss-sliced-8-15-lb-103602/103602",
            "https://shop.kimelo.com//sku/cheese-american-120-slice-yellow-4-5-lb-103674/103674",
            "https://shop.kimelo.com//sku/cheese-pepper-jack-loaf-8-103672/103672",
            "https://shop.kimelo.com//sku/cheese-swiss-sliced-processed-120-ct-4-5-lb-100014/100014",
            "https://shop.kimelo.com//sku/cheese-jack-pepper-sliced-8-15-lb-124829/124829",
            "https://shop.kimelo.com//sku/cheese-gruyere-imported-loaf-2-5-lb-108978/108978",
            "https://shop.kimelo.com//sku/cheese-goat-chefs-chevre-tub-2-4-lb-103638/103638",
            "https://shop.kimelo.com//sku/cheese-monterey-jack-block-40-lb-avg-103562/103562",
            "https://shop.kimelo.com//sku/cheese-provolone-sliced-8-15-lb-103601/103601",
            "https://shop.kimelo.com//sku/cheese-paneer-gopi-1514-oz-124005/124005",
            "https://shop.kimelo.com//sku/cheese-halloumi-tradition-greek-import-4088-oz-124144/124144",
            "https://shop.kimelo.com//sku/cheese-pecorino-romano-14-lb-124109/124109",
            "https://shop.kimelo.com//sku/cheese-swiss-sliced-8-15-lb-103602/103602",
            "https://shop.kimelo.com//sku/cheese-american-120-slice-yellow-4-5-lb-103674/103674",
            "https://shop.kimelo.com//sku/cheese-pepper-jack-loaf-8-103672/103672",
            "https://shop.kimelo.com//sku/cheese-swiss-sliced-processed-120-ct-4-5-lb-100014/100014",
            "https://shop.kimelo.com//sku/cheese-jack-pepper-sliced-8-15-lb-124829/124829"
        ]
    },
    {
        "product_detail_url": "https://shop.kimelo.com/sku/cheese-provolone-no-smoke-professionale-8-5-lb-123792/123792",
        "image_url": "https://d3tlizm80tjdt4.cloudfront.net/image/17989/image/sm-9e1c062d6e753907a3748fcfa2471be0.jpg",
        "product_name": "Cheese, Provolone, No Smoke, Professionale, (8) 5 Lb - 123792",
        "product_code_from_url": "123792",
        "brand": "Galbani",
        "price": "N/A",
        "unit_price": "N/A",
        "status": "BACK IN STOCK SOON",
        "product_name_detail": "Cheese, Provolone, No Smoke, Professionale, (8) 5 Lb",
        "item_number_from_name": "123792",
        "brand_supplier_detail": "Galbani",
        "categories": "Cheese / Cheese Loaf",
        "detail_page_main_image_url": "https://d3tlizm80tjdt4.cloudfront.net/image/17989/image/lg-af6c08a5da619043d212dd3005ec643b.jpg",
        "detail_page_main_image_alt": "Cheese, Provolone, No Smoke, Professionale, (8) 5 Lb - 123792",
        "detail_page_thumbnail_images": [
            {
                "url": "https://d3tlizm80tjdt4.cloudfront.net/image/17989/image/sm-9e1c062d6e753907a3748fcfa2471be0.jpg",
                "alt": "Cheese, Provolone, No Smoke, Professionale, (8) 5 Lb - 123792"
            }
        ],
        "sku": "123792",
        "upc": "123792",
        "quantity_package_info": "8 Eaches",
        "dimensions": "L 1\" x W 1\" x H 1\"",
        "weight": "5 lbs",
        "table_caption": "Product information or packaging displayed may not be current or complete. *Actual weight may vary based on seasonality and other factors.",
        "proposition_65_warning": "Warning: This product can expose you to chemicals including arsenic, which is known to the State of California to cause cancer. For more information, go to www.P65Warnings.ca.gov",
        "related_products": [],
        "other_like_products": []
    },
    {
        "product_detail_url": "https://shop.kimelo.com/sku/cheese-manouri-log-greek-imported-45-lb-125736/125736",
        "image_url": "https://d3tlizm80tjdt4.cloudfront.net/remote_images/image/7223/small/10d8ce04c768520771ad150340f03f5d6e9d96b8f373592dd4.jpg",
        "product_name": "Cheese, Manouri, Log, Greek, Imported, 4/5 Lb 125736",
        "product_code_from_url": "125736",
        "brand": "Krinos",
        "price": "$139.32",
        "unit_price": "$6.97/lb",
        "status": "IN STOCK",
        "product_name_detail": "Cheese, Manouri, Log, Greek, Imported, 4/5 Lb 125736",
        "brand_supplier_detail": "Krinos",
        "categories": "Cheese / Sliced Cheese",
        "detail_page_main_image_url": "https://d3tlizm80tjdt4.cloudfront.net/remote_images/image/7223/large/543b28c95adae3930843af219dcdaa1c002494038b6ab71681.jpg",
        "detail_page_main_image_alt": "Cheese, Manouri, Log, Greek, Imported, 4/5 Lb 125736",
        "detail_page_thumbnail_images": [
            {
                "url": "https://d3tlizm80tjdt4.cloudfront.net/remote_images/image/7223/small/10d8ce04c768520771ad150340f03f5d6e9d96b8f373592dd4.jpg",
                "alt": "Cheese, Manouri, Log, Greek, Imported, 4/5 Lb 125736"
            }
        ],
        "sku": "125736",
        "upc": "125736",
        "quantity_package_info": "1 Item",
        "dimensions": "L 1\" x W 1\" x H 1\"",
        "weight": "20 lbs",
        "table_caption": "Product information or packaging displayed may not be current or complete. *Actual weight may vary based on seasonality and other factors.",
        "proposition_65_warning": "Warning: This product can expose you to chemicals including arsenic, which is known to the State of California to cause cancer. For more information, go to www.P65Warnings.ca.gov",
        "related_products": [],
        "other_like_products": [
            "https://shop.kimelo.com//sku/cheese-american-120-slice-yellow-4-5-lb-103674/103674",
            "https://shop.kimelo.com//sku/cheese-swiss-sliced-processed-120-ct-4-5-lb-100014/100014",
            "https://shop.kimelo.com//sku/cheese-gruyere-imported-loaf-2-5-lb-108978/108978",
            "https://shop.kimelo.com//sku/cheese-cheddar-sharp-white-10-lb-111680/111680",
            "https://shop.kimelo.com//sku/cheese-swiss-sliced-8-15-lb-103602/103602",
            "https://shop.kimelo.com//sku/cheese-jack-pepper-sliced-8-15-lb-124829/124829",
            "https://shop.kimelo.com//sku/cheese-halloumi-tradition-greek-import-4088-oz-124144/124144",
            "https://shop.kimelo.com//sku/cheese-paneer-gopi-1514-oz-124005/124005",
            "https://shop.kimelo.com//sku/cheese-pecorino-romano-14-lb-124109/124109",
            "https://shop.kimelo.com//sku/cheese-american-120-slice-yellow-4-5-lb-103674/103674",
            "https://shop.kimelo.com//sku/cheese-swiss-sliced-processed-120-ct-4-5-lb-100014/100014",
            "https://shop.kimelo.com//sku/cheese-gruyere-imported-loaf-2-5-lb-108978/108978",
            "https://shop.kimelo.com//sku/cheese-cheddar-sharp-white-10-lb-111680/111680",
            "https://shop.kimelo.com//sku/cheese-swiss-sliced-8-15-lb-103602/103602",
            "https://shop.kimelo.com//sku/cheese-jack-pepper-sliced-8-15-lb-124829/124829",
            "https://shop.kimelo.com//sku/cheese-halloumi-tradition-greek-import-4088-oz-124144/124144",
            "https://shop.kimelo.com//sku/cheese-paneer-gopi-1514-oz-124005/124005",
            "https://shop.kimelo.com//sku/cheese-pecorino-romano-14-lb-124109/124109",
            "https://shop.kimelo.com//sku/cheese-american-120-slice-yellow-4-5-lb-103674/103674",
            "https://shop.kimelo.com//sku/cheese-swiss-sliced-processed-120-ct-4-5-lb-100014/100014",
            "https://shop.kimelo.com//sku/cheese-gruyere-imported-loaf-2-5-lb-108978/108978",
            "https://shop.kimelo.com//sku/cheese-cheddar-sharp-white-10-lb-111680/111680",
            "https://shop.kimelo.com//sku/cheese-swiss-sliced-8-15-lb-103602/103602",
            "https://shop.kimelo.com//sku/cheese-jack-pepper-sliced-8-15-lb-124829/124829"
        ]
    },
    {
        "product_detail_url": "https://shop.kimelo.com/sku/cheese-swiss-block/126018",
        "image_url": "https://d3tlizm80tjdt4.cloudfront.net/remote_images/image/7811/small/6cc605766939ddd78229cbfac6a2103b6982de8f053c875d63.jpg",
        "product_name": "Cheese, Swiss, Block",
        "product_code_from_url": "126018",
        "brand": "Ammerlander",
        "price": "N/A",
        "unit_price": "N/A",
        "status": "BACK IN STOCK SOON",
        "product_name_detail": "Cheese, Swiss, Block",
        "brand_supplier_detail": "Ammerlander",
        "categories": "Cheese / Sliced Cheese",
        "detail_page_main_image_url": "https://d3tlizm80tjdt4.cloudfront.net/remote_images/image/7811/large/41036f1388ac6dd454c4be60d922ad9f007f7664733da357c7.jpg",
        "detail_page_main_image_alt": "Cheese, Swiss, Block",
        "detail_page_thumbnail_images": [
            {
                "url": "https://d3tlizm80tjdt4.cloudfront.net/remote_images/image/7811/small/6cc605766939ddd78229cbfac6a2103b6982de8f053c875d63.jpg",
                "alt": "Cheese, Swiss, Block"
            }
        ],
        "sku": "126018",
        "upc": "126018",
        "quantity_package_info": "1 Item",
        "dimensions": "L 19.5\" x W 11.7\" x H 3.9\"",
        "weight": "33 lbs",
        "table_caption": "Product information or packaging displayed may not be current or complete. *Actual weight may vary based on seasonality and other factors.",
        "proposition_65_warning": "Warning: This product can expose you to chemicals including arsenic, which is known to the State of California to cause cancer. For more information, go to www.P65Warnings.ca.gov",
        "related_products": [],
        "other_like_products": [
            "https://shop.kimelo.com//sku/cheese-cheddar-sharp-white-10-lb-111680/111680",
            "https://shop.kimelo.com//sku/cheese-swiss-sliced-8-15-lb-103602/103602",
            "https://shop.kimelo.com//sku/cheese-kefalotyri-hard-wheel-greek-import-18-lb-avg-124125/124125",
            "https://shop.kimelo.com//sku/cheese-jack-pepper-sliced-8-15-lb-124829/124829",
            "https://shop.kimelo.com//sku/cheese-american-120-slice-yellow-4-5-lb-103674/103674",
            "https://shop.kimelo.com//sku/cheese-monterey-jack-block-40-lb-avg-103562/103562",
            "https://shop.kimelo.com//sku/cheese-swiss-sliced-processed-120-ct-4-5-lb-100014/100014",
            "https://shop.kimelo.com//sku/cheese-paneer-gopi-1514-oz-124005/124005",
            "https://shop.kimelo.com//sku/cheese-pecorino-romano-14-lb-124109/124109",
            "https://shop.kimelo.com//sku/cheese-halloumi-tradition-greek-import-4088-oz-124144/124144",
            "https://shop.kimelo.com//sku/cheese-cheddar-sharp-white-10-lb-111680/111680",
            "https://shop.kimelo.com//sku/cheese-swiss-sliced-8-15-lb-103602/103602",
            "https://shop.kimelo.com//sku/cheese-kefalotyri-hard-wheel-greek-import-18-lb-avg-124125/124125",
            "https://shop.kimelo.com//sku/cheese-jack-pepper-sliced-8-15-lb-124829/124829",
            "https://shop.kimelo.com//sku/cheese-american-120-slice-yellow-4-5-lb-103674/103674",
            "https://shop.kimelo.com//sku/cheese-monterey-jack-block-40-lb-avg-103562/103562",
            "https://shop.kimelo.com//sku/cheese-swiss-sliced-processed-120-ct-4-5-lb-100014/100014",
            "https://shop.kimelo.com//sku/cheese-paneer-gopi-1514-oz-124005/124005",
            "https://shop.kimelo.com//sku/cheese-pecorino-romano-14-lb-124109/124109",
            "https://shop.kimelo.com//sku/cheese-halloumi-tradition-greek-import-4088-oz-124144/124144",
            "https://shop.kimelo.com//sku/cheese-cheddar-sharp-white-10-lb-111680/111680",
            "https://shop.kimelo.com//sku/cheese-swiss-sliced-8-15-lb-103602/103602",
            "https://shop.kimelo.com//sku/cheese-kefalotyri-hard-wheel-greek-import-18-lb-avg-124125/124125",
            "https://shop.kimelo.com//sku/cheese-jack-pepper-sliced-8-15-lb-124829/124829",
            "https://shop.kimelo.com//sku/cheese-american-120-slice-yellow-4-5-lb-103674/103674",
            "https://shop.kimelo.com//sku/cheese-monterey-jack-block-40-lb-avg-103562/103562"
        ]
    },
    {
        "product_detail_url": "https://shop.kimelo.com/sku/cheese-kasseri-waxed-wheel/123993",
        "image_url": "https://d3tlizm80tjdt4.cloudfront.net/remote_images/image/2037/small/93701c5bb1e6a23ddfdd86fb5e4e8868e9496d4ff700d601e0.jpg",
        "product_name": "Cheese, Kasseri, Waxed Wheel",
        "product_code_from_url": "123993",
        "brand": "Stella",
        "price": "N/A",
        "unit_price": "N/A",
        "status": "BACK IN STOCK SOON",
        "product_name_detail": "Cheese, Kasseri, Waxed Wheel",
        "brand_supplier_detail": "Stella",
        "categories": "Cheese / Sliced Cheese",
        "detail_page_main_image_url": "https://d3tlizm80tjdt4.cloudfront.net/remote_images/image/2037/large/b0074a2355eaf38aa3e7188101e3186cbce5edd8a284a3529b.jpg",
        "detail_page_main_image_alt": "Cheese, Kasseri, Waxed Wheel",
        "detail_page_thumbnail_images": [
            {
                "url": "https://d3tlizm80tjdt4.cloudfront.net/remote_images/image/2037/small/93701c5bb1e6a23ddfdd86fb5e4e8868e9496d4ff700d601e0.jpg",
                "alt": "Cheese, Kasseri, Waxed Wheel"
            }
        ],
        "sku": "123993",
        "upc": "123993",
        "quantity_package_info": "1 Item",
        "dimensions": "L 1\" x W 1\" x H 1\"",
        "weight": "10 lbs",
        "table_caption": "Product information or packaging displayed may not be current or complete. *Actual weight may vary based on seasonality and other factors.",
        "proposition_65_warning": "Warning: This product can expose you to chemicals including arsenic, which is known to the State of California to cause cancer. For more information, go to www.P65Warnings.ca.gov",
        "related_products": [],
        "other_like_products": [
            "https://shop.kimelo.com//sku/cheese-pecorino-romano-14-lb-124109/124109",
            "https://shop.kimelo.com//sku/cheese-monterey-jack-block-40-lb-avg-103562/103562",
            "https://shop.kimelo.com//sku/cheese-kefalotyri-hard-wheel-greek-import-18-lb-avg-124125/124125",
            "https://shop.kimelo.com//sku/cheese-provolone-sliced-8-15-lb-103601/103601",
            "https://shop.kimelo.com//sku/cheese-cheddar-medium-loaf-2-5lb-106815/106815",
            "https://shop.kimelo.com//sku/cheese-pepper-jack-loaf-8-103672/103672",
            "https://shop.kimelo.com//sku/cheese-halloumi-tradition-greek-import-4088-oz-124144/124144",
            "https://shop.kimelo.com//sku/cheese-gruyere-imported-loaf-2-5-lb-108978/108978",
            "https://shop.kimelo.com//sku/cheese-paneer-gopi-1514-oz-124005/124005",
            "https://shop.kimelo.com//sku/cheese-american-120-slice-yellow-4-5-lb-103674/103674",
            "https://shop.kimelo.com//sku/cheese-swiss-sliced-processed-120-ct-4-5-lb-100014/100014",
            "https://shop.kimelo.com//sku/cheese-swiss-sliced-8-15-lb-103602/103602",
            "https://shop.kimelo.com//sku/cheese-pecorino-romano-14-lb-124109/124109",
            "https://shop.kimelo.com//sku/cheese-monterey-jack-block-40-lb-avg-103562/103562",
            "https://shop.kimelo.com//sku/cheese-kefalotyri-hard-wheel-greek-import-18-lb-avg-124125/124125",
            "https://shop.kimelo.com//sku/cheese-provolone-sliced-8-15-lb-103601/103601",
            "https://shop.kimelo.com//sku/cheese-cheddar-medium-loaf-2-5lb-106815/106815",
            "https://shop.kimelo.com//sku/cheese-pepper-jack-loaf-8-103672/103672",
            "https://shop.kimelo.com//sku/cheese-halloumi-tradition-greek-import-4088-oz-124144/124144",
            "https://shop.kimelo.com//sku/cheese-gruyere-imported-loaf-2-5-lb-108978/108978",
            "https://shop.kimelo.com//sku/cheese-paneer-gopi-1514-oz-124005/124005",
            "https://shop.kimelo.com//sku/cheese-american-120-slice-yellow-4-5-lb-103674/103674",
            "https://shop.kimelo.com//sku/cheese-swiss-sliced-processed-120-ct-4-5-lb-100014/100014",
            "https://shop.kimelo.com//sku/cheese-swiss-sliced-8-15-lb-103602/103602",
            "https://shop.kimelo.com//sku/cheese-pecorino-romano-14-lb-124109/124109",
            "https://shop.kimelo.com//sku/cheese-monterey-jack-block-40-lb-avg-103562/103562",
            "https://shop.kimelo.com//sku/cheese-kefalotyri-hard-wheel-greek-import-18-lb-avg-124125/124125",
            "https://shop.kimelo.com//sku/cheese-provolone-sliced-8-15-lb-103601/103601",
            "https://shop.kimelo.com//sku/cheese-cheddar-medium-loaf-2-5lb-106815/106815",
            "https://shop.kimelo.com//sku/cheese-pepper-jack-loaf-8-103672/103672"
        ]
    },
    {
        "product_detail_url": "https://shop.kimelo.com/sku/cheese-smoked-cheddar-mild-25-lb/374591",
        "image_url": "https://d3tlizm80tjdt4.cloudfront.net/remote_images/image/13375/small/2ee6dfdf5b22cc7c7a84d4a5acf73506e8fcb5effe8cea044c.jpg",
        "product_name": "Cheese, Smoked Cheddar, Mild, 2/5 Lb",
        "product_code_from_url": "374591",
        "brand": "Gossner",
        "price": "N/A",
        "unit_price": "N/A",
        "status": "BACK IN STOCK SOON",
        "product_name_detail": "Cheese, Smoked Cheddar, Mild, 2/5 Lb",
        "brand_supplier_detail": "Gossner",
        "categories": "Cheese / Sliced Cheese",
        "detail_page_main_image_url": "https://d3tlizm80tjdt4.cloudfront.net/remote_images/image/13375/large/961e357dac3ea313c4cc46f48e4c51fd8d2a77ff9a4de1683d.jpg",
        "detail_page_main_image_alt": "Cheese, Smoked Cheddar, Mild, 2/5 Lb",
        "detail_page_thumbnail_images": [
            {
                "url": "https://d3tlizm80tjdt4.cloudfront.net/remote_images/image/13375/small/2ee6dfdf5b22cc7c7a84d4a5acf73506e8fcb5effe8cea044c.jpg",
                "alt": "Cheese, Smoked Cheddar, Mild, 2/5 Lb"
            }
        ],
        "sku": "374591",
        "upc": "374591",
        "quantity_package_info": "1 Item",
        "dimensions": "L 1\" x W 1\" x H 1\"",
        "weight": "10 lbs",
        "table_caption": "Product information or packaging displayed may not be current or complete. *Actual weight may vary based on seasonality and other factors.",
        "proposition_65_warning": "Warning: This product can expose you to chemicals including arsenic, which is known to the State of California to cause cancer. For more information, go to www.P65Warnings.ca.gov",
        "related_products": [],
        "other_like_products": [
            "https://shop.kimelo.com//sku/cheese-american-120-slice-yellow-4-5-lb-103674/103674",
            "https://shop.kimelo.com//sku/cheese-cheddar-sharp-white-10-lb-111680/111680",
            "https://shop.kimelo.com//sku/cheese-swiss-sliced-processed-120-ct-4-5-lb-100014/100014",
            "https://shop.kimelo.com//sku/cheese-cheddar-mild-loaf-8-5-lb-103670/103670",
            "https://shop.kimelo.com//sku/cheese-cheddar-medium-loaf-2-5lb-106815/106815",
            "https://shop.kimelo.com//sku/cheese-swiss-sliced-8-15-lb-103602/103602",
            "https://shop.kimelo.com//sku/cheese-halloumi-tradition-greek-import-4088-oz-124144/124144",
            "https://shop.kimelo.com//sku/cheese-paneer-gopi-1514-oz-124005/124005",
            "https://shop.kimelo.com//sku/cheese-pecorino-romano-14-lb-124109/124109",
            "https://shop.kimelo.com//sku/cheese-gruyere-imported-loaf-2-5-lb-108978/108978",
            "https://shop.kimelo.com//sku/cheese-american-120-slice-yellow-4-5-lb-103674/103674",
            "https://shop.kimelo.com//sku/cheese-cheddar-sharp-white-10-lb-111680/111680",
            "https://shop.kimelo.com//sku/cheese-swiss-sliced-processed-120-ct-4-5-lb-100014/100014",
            "https://shop.kimelo.com//sku/cheese-cheddar-mild-loaf-8-5-lb-103670/103670",
            "https://shop.kimelo.com//sku/cheese-cheddar-medium-loaf-2-5lb-106815/106815",
            "https://shop.kimelo.com//sku/cheese-swiss-sliced-8-15-lb-103602/103602",
            "https://shop.kimelo.com//sku/cheese-halloumi-tradition-greek-import-4088-oz-124144/124144",
            "https://shop.kimelo.com//sku/cheese-paneer-gopi-1514-oz-124005/124005",
            "https://shop.kimelo.com//sku/cheese-pecorino-romano-14-lb-124109/124109",
            "https://shop.kimelo.com//sku/cheese-gruyere-imported-loaf-2-5-lb-108978/108978",
            "https://shop.kimelo.com//sku/cheese-american-120-slice-yellow-4-5-lb-103674/103674",
            "https://shop.kimelo.com//sku/cheese-cheddar-sharp-white-10-lb-111680/111680",
            "https://shop.kimelo.com//sku/cheese-swiss-sliced-processed-120-ct-4-5-lb-100014/100014",
            "https://shop.kimelo.com//sku/cheese-cheddar-mild-loaf-8-5-lb-103670/103670",
            "https://shop.kimelo.com//sku/cheese-cheddar-medium-loaf-2-5lb-106815/106815",
            "https://shop.kimelo.com//sku/cheese-swiss-sliced-8-15-lb-103602/103602"
        ]
    },
    {
        "product_detail_url": "https://shop.kimelo.com/sku/cheese-5-blend-moz-wmlmlmpsprovparmroma-fzn-65-lb/374160",
        "image_url": "https://d3tlizm80tjdt4.cloudfront.net/remote_images/image/8017/small/5b67c48b8fb317538fe7a3777c8aa936e15d7ed4f7f4c2062d.jpg",
        "product_name": "Cheese, 5 Blend, Moz Wmlm/lmps/prov/parm/roma, Fzn, 6/5 Lb",
        "product_code_from_url": "374160",
        "brand": "Galbani",
        "price": "N/A",
        "unit_price": "N/A",
        "status": "BACK IN STOCK SOON",
        "product_name_detail": "Cheese, 5 Blend, Moz Wmlm/lmps/prov/parm/roma, Fzn, 6/5 Lb",
        "brand_supplier_detail": "Galbani",
        "categories": "Cheese / Shredded Cheese",
        "detail_page_main_image_url": "https://d3tlizm80tjdt4.cloudfront.net/remote_images/image/8017/large/9c63a416498a52e7f29a43945f37992b146a57c22ed7cdce5d.jpg",
        "detail_page_main_image_alt": "Cheese, 5 Blend, Moz Wmlm/lmps/prov/parm/roma, Fzn, 6/5 Lb",
        "detail_page_thumbnail_images": [
            {
                "url": "https://d3tlizm80tjdt4.cloudfront.net/remote_images/image/8017/small/5b67c48b8fb317538fe7a3777c8aa936e15d7ed4f7f4c2062d.jpg",
                "alt": "Cheese, 5 Blend, Moz Wmlm/lmps/prov/parm/roma, Fzn, 6/5 Lb"
            }
        ],
        "sku": "374160",
        "upc": "374160",
        "quantity_package_info": "1 Item",
        "dimensions": "L 1\" x W 1\" x H 1\"",
        "weight": "30 lbs",
        "table_caption": "Product information or packaging displayed may not be current or complete. *Actual weight may vary based on seasonality and other factors.",
        "proposition_65_warning": "Warning: This product can expose you to chemicals including arsenic, which is known to the State of California to cause cancer. For more information, go to www.P65Warnings.ca.gov",
        "related_products": [],
        "other_like_products": [
            "https://shop.kimelo.com//sku/cheese-asiago-shredded-6-5-lb-111711/111711",
            "https://shop.kimelo.com//sku/cheese-blend-mozz-wm-ps-premio-shred-65-lb-112492/112492",
            "https://shop.kimelo.com//sku/cheese-pepperjack-feather-shred-45-lb-123794/123794",
            "https://shop.kimelo.com//sku/cheese-shredded-jack-cheddar-blend-fancy-4-5-lb-103664/103664",
            "https://shop.kimelo.com//sku/cheese-cheddar-shredded-fancy-mild-4-106832/106832",
            "https://shop.kimelo.com//sku/cheese-monterey-jack-shredded-fancy-4-5-lb-108930/108930",
            "https://shop.kimelo.com//sku/cheese-5-blend-moz-wmlmlmpsprovparmroma-65-lb-123784/123784",
            "https://shop.kimelo.com//sku/cheese-asiago-shredded-6-5-lb-111711/111711",
            "https://shop.kimelo.com//sku/cheese-blend-mozz-wm-ps-premio-shred-65-lb-112492/112492",
            "https://shop.kimelo.com//sku/cheese-pepperjack-feather-shred-45-lb-123794/123794",
            "https://shop.kimelo.com//sku/cheese-shredded-jack-cheddar-blend-fancy-4-5-lb-103664/103664",
            "https://shop.kimelo.com//sku/cheese-cheddar-shredded-fancy-mild-4-106832/106832",
            "https://shop.kimelo.com//sku/cheese-monterey-jack-shredded-fancy-4-5-lb-108930/108930",
            "https://shop.kimelo.com//sku/cheese-5-blend-moz-wmlmlmpsprovparmroma-65-lb-123784/123784",
            "https://shop.kimelo.com//sku/cheese-asiago-shredded-6-5-lb-111711/111711",
            "https://shop.kimelo.com//sku/cheese-blend-mozz-wm-ps-premio-shred-65-lb-112492/112492",
            "https://shop.kimelo.com//sku/cheese-pepperjack-feather-shred-45-lb-123794/123794",
            "https://shop.kimelo.com//sku/cheese-shredded-jack-cheddar-blend-fancy-4-5-lb-103664/103664",
            "https://shop.kimelo.com//sku/cheese-cheddar-shredded-fancy-mild-4-106832/106832",
            "https://shop.kimelo.com//sku/cheese-monterey-jack-shredded-fancy-4-5-lb-108930/108930"
        ]
    },
    {
        "product_detail_url": "https://shop.kimelo.com/sku/cheese-mozzarella-smoked-26-lb/103565",
        "image_url": "https://d3tlizm80tjdt4.cloudfront.net/image/2351/image/sm-8f112e2ad6cf67b95091b3a5cffad334.png",
        "product_name": "CHEESE, MOZZARELLA, SMOKED, 2/6 LB",
        "product_code_from_url": "103565",
        "brand": "POLLY-O",
        "price": "N/A",
        "unit_price": "N/A",
        "status": "BACK IN STOCK SOON",
        "product_name_detail": "CHEESE, MOZZARELLA, SMOKED, 2/6 LB",
        "brand_supplier_detail": "POLLY-O",
        "categories": "Cheese / Specialty Cheese",
        "detail_page_main_image_url": "https://d3tlizm80tjdt4.cloudfront.net/image/2351/image/lg-476a3e2ab7723c5b64159cfdd00afa8e.png",
        "detail_page_main_image_alt": "CHEESE, MOZZARELLA, SMOKED, 2/6 LB",
        "detail_page_thumbnail_images": [
            {
                "url": "https://d3tlizm80tjdt4.cloudfront.net/image/2351/image/sm-8f112e2ad6cf67b95091b3a5cffad334.png",
                "alt": "CHEESE, MOZZARELLA, SMOKED, 2/6 LB"
            },
            {
                "url": "https://d3tlizm80tjdt4.cloudfront.net/image/2352/image/sm-fda12b50b5a30094ede90f0f660bce7e.jpg",
                "alt": "CHEESE, MOZZARELLA, SMOKED, 2/6 LB"
            }
        ],
        "sku": "103565",
        "upc": "11863100202, 103565",
        "quantity_package_info": "2 Eaches",
        "dimensions": "L 8.57\" x W 4.45\" x H 13.89\"",
        "weight": "11.73 lbs",
        "table_caption": "Product information or packaging displayed may not be current or complete. *Actual weight may vary based on seasonality and other factors.",
        "proposition_65_warning": "Warning: This product can expose you to chemicals including arsenic, which is known to the State of California to cause cancer. For more information, go to www.P65Warnings.ca.gov",
        "related_products": [],
        "other_like_products": []
    },
    {
        "product_detail_url": "https://shop.kimelo.com/sku/cheese-goat-crumbled-fzn-22-lb-125885/125885",
        "image_url": "https://d3tlizm80tjdt4.cloudfront.net/remote_images/image/7510/small/677b2a41544b3dfe7f0897e9390fcccfad1cbaae841b2ceb87.jpg",
        "product_name": "Cheese, Goat, Crumbled, Fzn, 2/2 Lb 125885",
        "product_code_from_url": "125885",
        "brand": "President",
        "price": "N/A",
        "unit_price": "N/A",
        "status": "BACK IN STOCK SOON",
        "product_name_detail": "Cheese, Goat, Crumbled, Fzn, 2/2 Lb 125885",
        "brand_supplier_detail": "President",
        "categories": "Cheese / Specialty Cheese",
        "detail_page_main_image_url": "https://d3tlizm80tjdt4.cloudfront.net/remote_images/image/7510/large/77b363ab598a6457708d97e748c9915d8bdde976530b46fe17.jpg",
        "detail_page_main_image_alt": "Cheese, Goat, Crumbled, Fzn, 2/2 Lb 125885",
        "detail_page_thumbnail_images": [
            {
                "url": "https://d3tlizm80tjdt4.cloudfront.net/remote_images/image/7510/small/677b2a41544b3dfe7f0897e9390fcccfad1cbaae841b2ceb87.jpg",
                "alt": "Cheese, Goat, Crumbled, Fzn, 2/2 Lb 125885"
            }
        ],
        "sku": "125885",
        "upc": "125885",
        "quantity_package_info": "1 Item",
        "dimensions": "L 1\" x W 1\" x H 1\"",
        "weight": "4 lbs",
        "table_caption": "Product information or packaging displayed may not be current or complete. *Actual weight may vary based on seasonality and other factors.",
        "proposition_65_warning": "Warning: This product can expose you to chemicals including arsenic, which is known to the State of California to cause cancer. For more information, go to www.P65Warnings.ca.gov",
        "related_products": [],
        "other_like_products": [
            "https://shop.kimelo.com//sku/cheese-feta-crumbles-president-25-lb-123341/123341",
            "https://shop.kimelo.com//sku/cheese-feta-sheepgoat-imported-ziria-14-kg-124111/124111",
            "https://shop.kimelo.com//sku/cheese-feta-in-brine-pail-2-8-lb-124284/124284",
            "https://shop.kimelo.com//sku/cheese-mascarpone-tub-belgioioso-4-5-lb-107599/107599",
            "https://shop.kimelo.com//sku/cheese-queso-fresco-casero-bulk-12-lbs-112596/112596",
            "https://shop.kimelo.com//sku/cheese-feta-rbst-free-estia-24-lb-124006/124006",
            "https://shop.kimelo.com//sku/cheese-goat-crumbled-22-lb-123365/123365",
            "https://shop.kimelo.com//sku/cheese-feta-crumbles-president-25-lb-123341/123341",
            "https://shop.kimelo.com//sku/cheese-feta-sheepgoat-imported-ziria-14-kg-124111/124111",
            "https://shop.kimelo.com//sku/cheese-feta-in-brine-pail-2-8-lb-124284/124284",
            "https://shop.kimelo.com//sku/cheese-mascarpone-tub-belgioioso-4-5-lb-107599/107599",
            "https://shop.kimelo.com//sku/cheese-queso-fresco-casero-bulk-12-lbs-112596/112596",
            "https://shop.kimelo.com//sku/cheese-feta-rbst-free-estia-24-lb-124006/124006",
            "https://shop.kimelo.com//sku/cheese-goat-crumbled-22-lb-123365/123365",
            "https://shop.kimelo.com//sku/cheese-feta-crumbles-president-25-lb-123341/123341",
            "https://shop.kimelo.com//sku/cheese-feta-sheepgoat-imported-ziria-14-kg-124111/124111",
            "https://shop.kimelo.com//sku/cheese-feta-in-brine-pail-2-8-lb-124284/124284",
            "https://shop.kimelo.com//sku/cheese-mascarpone-tub-belgioioso-4-5-lb-107599/107599",
            "https://shop.kimelo.com//sku/cheese-queso-fresco-casero-bulk-12-lbs-112596/112596",
            "https://shop.kimelo.com//sku/cheese-feta-rbst-free-estia-24-lb-124006/124006"
        ]
    },
    {
        "product_detail_url": "https://shop.kimelo.com/sku/cottage-cheese-small-curd/316282",
        "image_url": "https://d3tlizm80tjdt4.cloudfront.net/remote_images/image/8670/small/14def803c1c34fe56ec8c8333ba02a43ed6690f593186e7f98.jpg",
        "product_name": "Cottage Cheese, Small Curd",
        "product_code_from_url": "316282",
        "brand": "Clover Sonoma",
        "price": "N/A",
        "unit_price": "N/A",
        "status": "BACK IN STOCK SOON",
        "product_name_detail": "Cottage Cheese, Small Curd",
        "brand_supplier_detail": "Clover Sonoma",
        "categories": "Cheese / Cottage Cheese",
        "detail_page_main_image_url": "https://d3tlizm80tjdt4.cloudfront.net/remote_images/image/8670/large/e3d5c459eee3ec51bb68e12c4827480f93d6aac1fa073acb3f.jpg",
        "detail_page_main_image_alt": "Cottage Cheese, Small Curd",
        "detail_page_thumbnail_images": [
            {
                "url": "https://d3tlizm80tjdt4.cloudfront.net/remote_images/image/8670/small/14def803c1c34fe56ec8c8333ba02a43ed6690f593186e7f98.jpg",
                "alt": "Cottage Cheese, Small Curd"
            }
        ],
        "sku": "316282",
        "upc": "316282",
        "quantity_package_info": "1 Item",
        "dimensions": "L 1\" x W 1\" x H 1\"",
        "weight": "12 lbs",
        "table_caption": "Product information or packaging displayed may not be current or complete. *Actual weight may vary based on seasonality and other factors.",
        "proposition_65_warning": "Warning: This product can expose you to chemicals including arsenic, which is known to the State of California to cause cancer. For more information, go to www.P65Warnings.ca.gov",
        "related_products": [],
        "other_like_products": []
    },
    {
        "product_detail_url": "https://shop.kimelo.com/sku/cheese-mozzarella-wmlm-premio-tigrato-shred-fzn-65lb-125867/125867",
        "image_url": "https://d3tlizm80tjdt4.cloudfront.net/remote_images/image/7219/small/6c77b279a5ed42add9439bbdfc694637d60aaae4f2f0ec56d7.jpg",
        "product_name": "Cheese, Mozzarella, Wmlm, Premio, Tigrato Shred, Fzn, 6/5lb 125867",
        "product_code_from_url": "125867",
        "brand": "Packer",
        "price": "N/A",
        "unit_price": "N/A",
        "status": "BACK IN STOCK SOON",
        "product_name_detail": "Cheese, Mozzarella, Wmlm, Premio, Tigrato Shred, Fzn, 6/5lb 125867",
        "brand_supplier_detail": "Packer",
        "categories": "Cheese / Specialty Cheese",
        "detail_page_main_image_url": "https://d3tlizm80tjdt4.cloudfront.net/remote_images/image/7219/large/033c01725f633ca8a59c3d6dcaf44be923452f0bca262e94b0.jpg",
        "detail_page_main_image_alt": "Cheese, Mozzarella, Wmlm, Premio, Tigrato Shred, Fzn, 6/5lb 125867",
        "detail_page_thumbnail_images": [
            {
                "url": "https://d3tlizm80tjdt4.cloudfront.net/remote_images/image/7219/small/6c77b279a5ed42add9439bbdfc694637d60aaae4f2f0ec56d7.jpg",
                "alt": "Cheese, Mozzarella, Wmlm, Premio, Tigrato Shred, Fzn, 6/5lb 125867"
            }
        ],
        "sku": "125867",
        "upc": "125867",
        "quantity_package_info": "1 Item",
        "dimensions": "L 1\" x W 1\" x H 1\"",
        "weight": "30 lbs",
        "table_caption": "Product information or packaging displayed may not be current or complete. *Actual weight may vary based on seasonality and other factors.",
        "proposition_65_warning": "Warning: This product can expose you to chemicals including arsenic, which is known to the State of California to cause cancer. For more information, go to www.P65Warnings.ca.gov",
        "related_products": [],
        "other_like_products": [
            "https://shop.kimelo.com//sku/cheese-feta-french-pail-valbreso-18-lb-avg-123797/123797",
            "https://shop.kimelo.com//sku/cheese-mozzarella-fresh-ovoline-galbani-23-lb-123382/123382",
            "https://shop.kimelo.com//sku/cheese-feta-sheepgoat-imported-ziria-14-kg-124111/124111",
            "https://shop.kimelo.com//sku/cheese-mascarpone-tub-belgioioso-4-5-lb-107599/107599",
            "https://shop.kimelo.com//sku/cheese-mozzarella-fresh-loaf-thin-slice-61-lb-112545/112545",
            "https://shop.kimelo.com//sku/cheese-feta-in-brine-pail-2-8-lb-124284/124284",
            "https://shop.kimelo.com//sku/cheese-queso-fresco-casero-bulk-12-lbs-112596/112596",
            "https://shop.kimelo.com//sku/cheese-feta-crumbles-president-25-lb-123341/123341",
            "https://shop.kimelo.com//sku/cheese-mozzarella-fresh-loaf-sliced-61-lb-123535/123535",
            "https://shop.kimelo.com//sku/cheese-feta-french-pail-valbreso-18-lb-avg-123797/123797",
            "https://shop.kimelo.com//sku/cheese-mozzarella-fresh-ovoline-galbani-23-lb-123382/123382",
            "https://shop.kimelo.com//sku/cheese-feta-sheepgoat-imported-ziria-14-kg-124111/124111",
            "https://shop.kimelo.com//sku/cheese-mascarpone-tub-belgioioso-4-5-lb-107599/107599",
            "https://shop.kimelo.com//sku/cheese-mozzarella-fresh-loaf-thin-slice-61-lb-112545/112545",
            "https://shop.kimelo.com//sku/cheese-feta-in-brine-pail-2-8-lb-124284/124284",
            "https://shop.kimelo.com//sku/cheese-queso-fresco-casero-bulk-12-lbs-112596/112596",
            "https://shop.kimelo.com//sku/cheese-feta-crumbles-president-25-lb-123341/123341",
            "https://shop.kimelo.com//sku/cheese-mozzarella-fresh-loaf-sliced-61-lb-123535/123535",
            "https://shop.kimelo.com//sku/cheese-feta-french-pail-valbreso-18-lb-avg-123797/123797",
            "https://shop.kimelo.com//sku/cheese-mozzarella-fresh-ovoline-galbani-23-lb-123382/123382",
            "https://shop.kimelo.com//sku/cheese-feta-sheepgoat-imported-ziria-14-kg-124111/124111",
            "https://shop.kimelo.com//sku/cheese-mascarpone-tub-belgioioso-4-5-lb-107599/107599",
            "https://shop.kimelo.com//sku/cheese-mozzarella-fresh-loaf-thin-slice-61-lb-112545/112545",
            "https://shop.kimelo.com//sku/cheese-feta-in-brine-pail-2-8-lb-124284/124284"
        ]
    },
    {
        "product_detail_url": "https://shop.kimelo.com/sku/cheese-queso-fresco-casero-frozen-bulk-12-lbs374274/374274",
        "image_url": "https://d3tlizm80tjdt4.cloudfront.net/remote_images/image/8643/small/66078553f3b39103164ffde635b3f3f92e35c6e0786f8709da.jpg",
        "product_name": "Cheese, Queso Fresco, Casero, Frozen, Bulk 12 Lbs374274",
        "product_code_from_url": "374274",
        "brand": "El Mexicano",
        "price": "N/A",
        "unit_price": "N/A",
        "status": "BACK IN STOCK SOON",
        "product_name_detail": "Cheese, Queso Fresco, Casero, Frozen, Bulk 12 Lbs374274",
        "brand_supplier_detail": "El Mexicano",
        "categories": "Cheese / Specialty Cheese",
        "detail_page_main_image_url": "https://d3tlizm80tjdt4.cloudfront.net/remote_images/image/8643/large/0def0e63c2b998f5174ec94085834c94ac450ef8d00f79be23.jpg",
        "detail_page_main_image_alt": "Cheese, Queso Fresco, Casero, Frozen, Bulk 12 Lbs374274",
        "detail_page_thumbnail_images": [
            {
                "url": "https://d3tlizm80tjdt4.cloudfront.net/remote_images/image/8643/small/66078553f3b39103164ffde635b3f3f92e35c6e0786f8709da.jpg",
                "alt": "Cheese, Queso Fresco, Casero, Frozen, Bulk 12 Lbs374274"
            }
        ],
        "sku": "374274",
        "upc": "374274",
        "quantity_package_info": "1 Item",
        "dimensions": "L 1\" x W 1\" x H 1\"",
        "weight": "12 lbs",
        "table_caption": "Product information or packaging displayed may not be current or complete. *Actual weight may vary based on seasonality and other factors.",
        "proposition_65_warning": "Warning: This product can expose you to chemicals including arsenic, which is known to the State of California to cause cancer. For more information, go to www.P65Warnings.ca.gov",
        "related_products": [],
        "other_like_products": [
            "https://shop.kimelo.com//sku/cheese-feta-crumbles-president-25-lb-123341/123341",
            "https://shop.kimelo.com//sku/cheese-mascarpone-tub-belgioioso-4-5-lb-107599/107599",
            "https://shop.kimelo.com//sku/cheese-feta-sheepgoat-imported-ziria-14-kg-124111/124111",
            "https://shop.kimelo.com//sku/cheese-feta-in-brine-pail-2-8-lb-124284/124284",
            "https://shop.kimelo.com//sku/cheese-goat-crumbled-22-lb-123365/123365",
            "https://shop.kimelo.com//sku/cheese-feta-french-pail-valbreso-18-lb-avg-123797/123797",
            "https://shop.kimelo.com//sku/cheese-queso-fresco-casero-bulk-12-lbs-112596/112596",
            "https://shop.kimelo.com//sku/cheese-feta-crumbles-president-25-lb-123341/123341",
            "https://shop.kimelo.com//sku/cheese-mascarpone-tub-belgioioso-4-5-lb-107599/107599",
            "https://shop.kimelo.com//sku/cheese-feta-sheepgoat-imported-ziria-14-kg-124111/124111",
            "https://shop.kimelo.com//sku/cheese-feta-in-brine-pail-2-8-lb-124284/124284",
            "https://shop.kimelo.com//sku/cheese-goat-crumbled-22-lb-123365/123365",
            "https://shop.kimelo.com//sku/cheese-feta-french-pail-valbreso-18-lb-avg-123797/123797",
            "https://shop.kimelo.com//sku/cheese-queso-fresco-casero-bulk-12-lbs-112596/112596",
            "https://shop.kimelo.com//sku/cheese-feta-crumbles-president-25-lb-123341/123341",
            "https://shop.kimelo.com//sku/cheese-mascarpone-tub-belgioioso-4-5-lb-107599/107599",
            "https://shop.kimelo.com//sku/cheese-feta-sheepgoat-imported-ziria-14-kg-124111/124111",
            "https://shop.kimelo.com//sku/cheese-feta-in-brine-pail-2-8-lb-124284/124284",
            "https://shop.kimelo.com//sku/cheese-goat-crumbled-22-lb-123365/123365",
            "https://shop.kimelo.com//sku/cheese-feta-french-pail-valbreso-18-lb-avg-123797/123797"
        ]
    },
    {
        "product_detail_url": "https://shop.kimelo.com/sku/cheese-mozzarella-pslm-loaf-premio-fzn-85-lb-125813/125813",
        "image_url": "https://d3tlizm80tjdt4.cloudfront.net/remote_images/image/7216/small/71b5ddd3c64d4bbaa1fe5e7090917a824d29a331ea6e1ee5d4.jpg",
        "product_name": "Cheese, Mozzarella, Pslm, Loaf, Premio, Fzn, 8/5 Lb 125813",
        "product_code_from_url": "125813",
        "brand": "Galbani Premio",
        "price": "N/A",
        "unit_price": "N/A",
        "status": "BACK IN STOCK SOON",
        "product_name_detail": "Cheese, Mozzarella, Pslm, Loaf, Premio, Fzn, 8/5 Lb 125813",
        "brand_supplier_detail": "Galbani Premio",
        "categories": "Cheese / Cheese Loaf",
        "detail_page_main_image_url": "https://d3tlizm80tjdt4.cloudfront.net/remote_images/image/7216/large/82dff19bf03a637dedd9c13f8a02e5534d8236b4a77f7e4947.jpg",
        "detail_page_main_image_alt": "Cheese, Mozzarella, Pslm, Loaf, Premio, Fzn, 8/5 Lb 125813",
        "detail_page_thumbnail_images": [
            {
                "url": "https://d3tlizm80tjdt4.cloudfront.net/remote_images/image/7216/small/71b5ddd3c64d4bbaa1fe5e7090917a824d29a331ea6e1ee5d4.jpg",
                "alt": "Cheese, Mozzarella, Pslm, Loaf, Premio, Fzn, 8/5 Lb 125813"
            }
        ],
        "sku": "125813",
        "upc": "125813",
        "quantity_package_info": "1 Item",
        "dimensions": "L 1\" x W 1\" x H 1\"",
        "weight": "40 lbs",
        "table_caption": "Product information or packaging displayed may not be current or complete. *Actual weight may vary based on seasonality and other factors.",
        "proposition_65_warning": "Warning: This product can expose you to chemicals including arsenic, which is known to the State of California to cause cancer. For more information, go to www.P65Warnings.ca.gov",
        "related_products": [],
        "other_like_products": []
    },
    {
        "product_detail_url": "https://shop.kimelo.com/sku/cheese-mozzarella-wmlm-shredded-red-label-fzn-65-lb-125663/125663",
        "image_url": "https://d3tlizm80tjdt4.cloudfront.net/remote_images/image/5529/small/042d7c08627c19fc643914fdd06ade7ade98df11a63c15f672.jpg",
        "product_name": "Cheese, Mozzarella, Wmlm, Shredded, Red Label, Fzn, 6/5 Lb 125663",
        "product_code_from_url": "125663",
        "brand": "Galbani",
        "price": "N/A",
        "unit_price": "N/A",
        "status": "BACK IN STOCK SOON",
        "product_name_detail": "Cheese, Mozzarella, Wmlm, Shredded, Red Label, Fzn, 6/5 Lb 125663",
        "brand_supplier_detail": "Galbani",
        "categories": "Cheese / Specialty Cheese",
        "detail_page_main_image_url": "https://d3tlizm80tjdt4.cloudfront.net/remote_images/image/5529/large/c778602c2248722769dc9d527696e44227a764cad23a374c8f.jpg",
        "detail_page_main_image_alt": "Cheese, Mozzarella, Wmlm, Shredded, Red Label, Fzn, 6/5 Lb 125663",
        "detail_page_thumbnail_images": [
            {
                "url": "https://d3tlizm80tjdt4.cloudfront.net/remote_images/image/5529/small/042d7c08627c19fc643914fdd06ade7ade98df11a63c15f672.jpg",
                "alt": "Cheese, Mozzarella, Wmlm, Shredded, Red Label, Fzn, 6/5 Lb 125663"
            }
        ],
        "sku": "125663",
        "upc": "125663",
        "quantity_package_info": "1 Item",
        "dimensions": "L 1\" x W 1\" x H 1\"",
        "weight": "30 lbs",
        "table_caption": "Product information or packaging displayed may not be current or complete. *Actual weight may vary based on seasonality and other factors.",
        "proposition_65_warning": "Warning: This product can expose you to chemicals including arsenic, which is known to the State of California to cause cancer. For more information, go to www.P65Warnings.ca.gov",
        "related_products": [],
        "other_like_products": [
            "https://shop.kimelo.com//sku/cheese-goat-crumbled-22-lb-123365/123365",
            "https://shop.kimelo.com//sku/cheese-queso-fresco-casero-bulk-12-lbs-112596/112596",
            "https://shop.kimelo.com//sku/cheese-feta-in-brine-pail-2-8-lb-124284/124284",
            "https://shop.kimelo.com//sku/cheese-mascarpone-tub-belgioioso-4-5-lb-107599/107599",
            "https://shop.kimelo.com//sku/cheese-mozzarella-fresh-loaf-sliced-61-lb-123535/123535",
            "https://shop.kimelo.com//sku/cheese-feta-rbst-free-estia-24-lb-124006/124006",
            "https://shop.kimelo.com//sku/cheese-feta-crumbles-president-25-lb-123341/123341",
            "https://shop.kimelo.com//sku/cheese-feta-sheepgoat-imported-ziria-14-kg-124111/124111",
            "https://shop.kimelo.com//sku/cheese-goat-crumbled-22-lb-123365/123365",
            "https://shop.kimelo.com//sku/cheese-queso-fresco-casero-bulk-12-lbs-112596/112596",
            "https://shop.kimelo.com//sku/cheese-feta-in-brine-pail-2-8-lb-124284/124284",
            "https://shop.kimelo.com//sku/cheese-mascarpone-tub-belgioioso-4-5-lb-107599/107599",
            "https://shop.kimelo.com//sku/cheese-mozzarella-fresh-loaf-sliced-61-lb-123535/123535",
            "https://shop.kimelo.com//sku/cheese-feta-rbst-free-estia-24-lb-124006/124006",
            "https://shop.kimelo.com//sku/cheese-feta-crumbles-president-25-lb-123341/123341",
            "https://shop.kimelo.com//sku/cheese-feta-sheepgoat-imported-ziria-14-kg-124111/124111",
            "https://shop.kimelo.com//sku/cheese-goat-crumbled-22-lb-123365/123365",
            "https://shop.kimelo.com//sku/cheese-queso-fresco-casero-bulk-12-lbs-112596/112596",
            "https://shop.kimelo.com//sku/cheese-feta-in-brine-pail-2-8-lb-124284/124284",
            "https://shop.kimelo.com//sku/cheese-mascarpone-tub-belgioioso-4-5-lb-107599/107599",
            "https://shop.kimelo.com//sku/cheese-mozzarella-fresh-loaf-sliced-61-lb-123535/123535",
            "https://shop.kimelo.com//sku/cheese-feta-rbst-free-estia-24-lb-124006/124006"
        ]
    },
    {
        "product_detail_url": "https://shop.kimelo.com/sku/cheese-brie-60-frozen-22-lb-125998/125998",
        "image_url": "https://d3tlizm80tjdt4.cloudfront.net/remote_images/image/7738/small/5b41b3664d4c670debf38cd6901d14461ebc988399e19127ae.jpg",
        "product_name": "Cheese, Brie, 60%, Frozen, 2/2 Lb 125998",
        "product_code_from_url": "125998",
        "brand": "President",
        "price": "N/A",
        "unit_price": "N/A",
        "status": "BACK IN STOCK SOON",
        "product_name_detail": "Cheese, Brie, 60%, Frozen, 2/2 Lb 125998",
        "brand_supplier_detail": "President",
        "categories": "Cheese / Specialty Cheese",
        "detail_page_main_image_url": "https://d3tlizm80tjdt4.cloudfront.net/remote_images/image/7738/large/4b09fc30ab88d07c157e75dd1464f6558b721102d08f59f173.jpg",
        "detail_page_main_image_alt": "Cheese, Brie, 60%, Frozen, 2/2 Lb 125998",
        "detail_page_thumbnail_images": [
            {
                "url": "https://d3tlizm80tjdt4.cloudfront.net/remote_images/image/7738/small/5b41b3664d4c670debf38cd6901d14461ebc988399e19127ae.jpg",
                "alt": "Cheese, Brie, 60%, Frozen, 2/2 Lb 125998"
            }
        ],
        "sku": "125998",
        "upc": "125998",
        "quantity_package_info": "1 Item",
        "dimensions": "L 1\" x W 1\" x H 1\"",
        "weight": "4 lbs",
        "table_caption": "Product information or packaging displayed may not be current or complete. *Actual weight may vary based on seasonality and other factors.",
        "proposition_65_warning": "Warning: This product can expose you to chemicals including arsenic, which is known to the State of California to cause cancer. For more information, go to www.P65Warnings.ca.gov",
        "related_products": [],
        "other_like_products": [
            "https://shop.kimelo.com//sku/cheese-mascarpone-tub-belgioioso-4-5-lb-107599/107599",
            "https://shop.kimelo.com//sku/cheese-feta-sheepgoat-imported-ziria-14-kg-124111/124111",
            "https://shop.kimelo.com//sku/cheese-feta-in-brine-pail-2-8-lb-124284/124284",
            "https://shop.kimelo.com//sku/cheese-goat-crumbled-22-lb-123365/123365",
            "https://shop.kimelo.com//sku/cheese-feta-french-pail-valbreso-18-lb-avg-123797/123797",
            "https://shop.kimelo.com//sku/cheese-mozzarella-fresh-loaf-sliced-61-lb-123535/123535",
            "https://shop.kimelo.com//sku/cheese-feta-crumbles-president-25-lb-123341/123341",
            "https://shop.kimelo.com//sku/cheese-queso-fresco-casero-bulk-12-lbs-112596/112596",
            "https://shop.kimelo.com//sku/cheese-mascarpone-tub-belgioioso-4-5-lb-107599/107599",
            "https://shop.kimelo.com//sku/cheese-feta-sheepgoat-imported-ziria-14-kg-124111/124111",
            "https://shop.kimelo.com//sku/cheese-feta-in-brine-pail-2-8-lb-124284/124284",
            "https://shop.kimelo.com//sku/cheese-goat-crumbled-22-lb-123365/123365",
            "https://shop.kimelo.com//sku/cheese-feta-french-pail-valbreso-18-lb-avg-123797/123797",
            "https://shop.kimelo.com//sku/cheese-mozzarella-fresh-loaf-sliced-61-lb-123535/123535",
            "https://shop.kimelo.com//sku/cheese-feta-crumbles-president-25-lb-123341/123341",
            "https://shop.kimelo.com//sku/cheese-queso-fresco-casero-bulk-12-lbs-112596/112596",
            "https://shop.kimelo.com//sku/cheese-mascarpone-tub-belgioioso-4-5-lb-107599/107599",
            "https://shop.kimelo.com//sku/cheese-feta-sheepgoat-imported-ziria-14-kg-124111/124111",
            "https://shop.kimelo.com//sku/cheese-feta-in-brine-pail-2-8-lb-124284/124284",
            "https://shop.kimelo.com//sku/cheese-goat-crumbled-22-lb-123365/123365",
            "https://shop.kimelo.com//sku/cheese-feta-french-pail-valbreso-18-lb-avg-123797/123797",
            "https://shop.kimelo.com//sku/cheese-mozzarella-fresh-loaf-sliced-61-lb-123535/123535"
        ]
    },
    {
        "product_detail_url": "https://shop.kimelo.com/sku/cheese-mozzarella-wmlm-loaf-professionale-fzn-85-lb-125814/125814",
        "image_url": "https://d3tlizm80tjdt4.cloudfront.net/remote_images/image/7215/small/0a7da17fd94fe5c52868137e402c2fb20947dba2f4b452a049.jpg",
        "product_name": "Cheese, Mozzarella, Wmlm, Loaf, Professionale, Fzn, 8/5 Lb 125814",
        "product_code_from_url": "125814",
        "brand": "Galbani",
        "price": "N/A",
        "unit_price": "N/A",
        "status": "BACK IN STOCK SOON",
        "product_name_detail": "Cheese, Mozzarella, Wmlm, Loaf, Professionale, Fzn, 8/5 Lb 125814",
        "brand_supplier_detail": "Galbani",
        "categories": "Cheese / Cheese Loaf",
        "detail_page_main_image_url": "https://d3tlizm80tjdt4.cloudfront.net/remote_images/image/7215/large/8e3a538ac779eb6afea42d92e46a2a63a1e5ecb4527ff1b238.jpg",
        "detail_page_main_image_alt": "Cheese, Mozzarella, Wmlm, Loaf, Professionale, Fzn, 8/5 Lb 125814",
        "detail_page_thumbnail_images": [
            {
                "url": "https://d3tlizm80tjdt4.cloudfront.net/remote_images/image/7215/small/0a7da17fd94fe5c52868137e402c2fb20947dba2f4b452a049.jpg",
                "alt": "Cheese, Mozzarella, Wmlm, Loaf, Professionale, Fzn, 8/5 Lb 125814"
            },
            {
                "url": "https://d3tlizm80tjdt4.cloudfront.net/remote_images/image/7220/small/564febd6c57bd79ec472a4abbba4d7f30ee5c39fc81e9005a2.jpg",
                "alt": "Cheese, Mozzarella, Wmlm, Loaf, Professionale, Fzn, 8/5 Lb 125814"
            }
        ],
        "sku": "125814",
        "upc": "125814",
        "quantity_package_info": "1 Item",
        "dimensions": "L 1\" x W 1\" x H 1\"",
        "weight": "40 lbs",
        "table_caption": "Product information or packaging displayed may not be current or complete. *Actual weight may vary based on seasonality and other factors.",
        "proposition_65_warning": "Warning: This product can expose you to chemicals including arsenic, which is known to the State of California to cause cancer. For more information, go to www.P65Warnings.ca.gov",
        "related_products": [],
        "other_like_products": []
    },
    {
        "product_detail_url": "https://shop.kimelo.com/sku/cheese-provolone-no-smoke-professionale-fzn-8-5-lb-125816/125816",
        "image_url": "https://d3tlizm80tjdt4.cloudfront.net/remote_images/image/7413/small/e7ae16a6c8dcf1eef4a92b9f6335615d4fb06ed12485f45e86.jpg",
        "product_name": "Cheese, Provolone, No Smoke, Professionale, Fzn, (8) 5 Lb 125816",
        "product_code_from_url": "125816",
        "brand": "Galbani",
        "price": "N/A",
        "unit_price": "N/A",
        "status": "BACK IN STOCK SOON",
        "product_name_detail": "Cheese, Provolone, No Smoke, Professionale, Fzn, (8) 5 Lb 125816",
        "brand_supplier_detail": "Galbani",
        "categories": "Cheese / Cheese Loaf",
        "detail_page_main_image_url": "https://d3tlizm80tjdt4.cloudfront.net/remote_images/image/7413/large/96f637e71103cdbead1f2d86e5d35c5d6ab6f32e13771d8027.jpg",
        "detail_page_main_image_alt": "Cheese, Provolone, No Smoke, Professionale, Fzn, (8) 5 Lb 125816",
        "detail_page_thumbnail_images": [
            {
                "url": "https://d3tlizm80tjdt4.cloudfront.net/remote_images/image/7413/small/e7ae16a6c8dcf1eef4a92b9f6335615d4fb06ed12485f45e86.jpg",
                "alt": "Cheese, Provolone, No Smoke, Professionale, Fzn, (8) 5 Lb 125816"
            }
        ],
        "sku": "125816",
        "upc": "125816",
        "quantity_package_info": "8 Eaches",
        "dimensions": "L 1\" x W 1\" x H 1\"",
        "weight": "5 lbs",
        "table_caption": "Product information or packaging displayed may not be current or complete. *Actual weight may vary based on seasonality and other factors.",
        "proposition_65_warning": "Warning: This product can expose you to chemicals including arsenic, which is known to the State of California to cause cancer. For more information, go to www.P65Warnings.ca.gov",
        "related_products": [],
        "other_like_products": []
    },
    {
        "product_detail_url": "https://shop.kimelo.com/sku/cheese-blend-mozz-wm-ps-premio-shred-fzn-65-lb-125856/125856",
        "image_url": "https://d3tlizm80tjdt4.cloudfront.net/remote_images/image/7459/small/8d2ee5b0efabab48d9ab265bcbc2e0e8f2e2d463f70a584707.jpg",
        "product_name": "Cheese, Blend, Mozz, Wm & Ps, Premio Shred, Fzn, 6/5 Lb 125856",
        "product_code_from_url": "125856",
        "brand": "Galbani Premio",
        "price": "N/A",
        "unit_price": "N/A",
        "status": "BACK IN STOCK SOON",
        "product_name_detail": "Cheese, Blend, Mozz, Wm & Ps, Premio Shred, Fzn, 6/5 Lb 125856",
        "brand_supplier_detail": "Galbani Premio",
        "categories": "Cheese / Specialty Cheese",
        "detail_page_main_image_url": "https://d3tlizm80tjdt4.cloudfront.net/remote_images/image/7459/large/9c28668dc42ed550e07b9b05907b241aef8b11f3fc49c8f192.jpg",
        "detail_page_main_image_alt": "Cheese, Blend, Mozz, Wm & Ps, Premio Shred, Fzn, 6/5 Lb 125856",
        "detail_page_thumbnail_images": [
            {
                "url": "https://d3tlizm80tjdt4.cloudfront.net/remote_images/image/7459/small/8d2ee5b0efabab48d9ab265bcbc2e0e8f2e2d463f70a584707.jpg",
                "alt": "Cheese, Blend, Mozz, Wm & Ps, Premio Shred, Fzn, 6/5 Lb 125856"
            }
        ],
        "sku": "125856",
        "upc": "125856",
        "quantity_package_info": "1 Item",
        "dimensions": "L 1\" x W 1\" x H 1\"",
        "weight": "30 lbs",
        "table_caption": "Product information or packaging displayed may not be current or complete. *Actual weight may vary based on seasonality and other factors.",
        "proposition_65_warning": "Warning: This product can expose you to chemicals including arsenic, which is known to the State of California to cause cancer. For more information, go to www.P65Warnings.ca.gov",
        "related_products": [],
        "other_like_products": [
            "https://shop.kimelo.com//sku/cheese-mozzarella-fresh-ovoline-galbani-23-lb-123382/123382",
            "https://shop.kimelo.com//sku/cheese-feta-sheepgoat-imported-ziria-14-kg-124111/124111",
            "https://shop.kimelo.com//sku/cheese-feta-in-brine-pail-2-8-lb-124284/124284",
            "https://shop.kimelo.com//sku/cheese-mozzarella-fresh-loaf-sliced-61-lb-123535/123535",
            "https://shop.kimelo.com//sku/cheese-feta-french-pail-valbreso-18-lb-avg-123797/123797",
            "https://shop.kimelo.com//sku/cheese-mozzarella-fresh-loaf-thin-slice-61-lb-112545/112545",
            "https://shop.kimelo.com//sku/cheese-queso-fresco-casero-bulk-12-lbs-112596/112596",
            "https://shop.kimelo.com//sku/cheese-mascarpone-tub-belgioioso-4-5-lb-107599/107599",
            "https://shop.kimelo.com//sku/cheese-feta-crumbles-president-25-lb-123341/123341",
            "https://shop.kimelo.com//sku/cheese-mozzarella-fresh-ovoline-galbani-23-lb-123382/123382",
            "https://shop.kimelo.com//sku/cheese-feta-sheepgoat-imported-ziria-14-kg-124111/124111",
            "https://shop.kimelo.com//sku/cheese-feta-in-brine-pail-2-8-lb-124284/124284",
            "https://shop.kimelo.com//sku/cheese-mozzarella-fresh-loaf-sliced-61-lb-123535/123535",
            "https://shop.kimelo.com//sku/cheese-feta-french-pail-valbreso-18-lb-avg-123797/123797",
            "https://shop.kimelo.com//sku/cheese-mozzarella-fresh-loaf-thin-slice-61-lb-112545/112545",
            "https://shop.kimelo.com//sku/cheese-queso-fresco-casero-bulk-12-lbs-112596/112596",
            "https://shop.kimelo.com//sku/cheese-mascarpone-tub-belgioioso-4-5-lb-107599/107599",
            "https://shop.kimelo.com//sku/cheese-feta-crumbles-president-25-lb-123341/123341",
            "https://shop.kimelo.com//sku/cheese-mozzarella-fresh-ovoline-galbani-23-lb-123382/123382",
            "https://shop.kimelo.com//sku/cheese-feta-sheepgoat-imported-ziria-14-kg-124111/124111",
            "https://shop.kimelo.com//sku/cheese-feta-in-brine-pail-2-8-lb-124284/124284",
            "https://shop.kimelo.com//sku/cheese-mozzarella-fresh-loaf-sliced-61-lb-123535/123535",
            "https://shop.kimelo.com//sku/cheese-feta-french-pail-valbreso-18-lb-avg-123797/123797",
            "https://shop.kimelo.com//sku/cheese-mozzarella-fresh-loaf-thin-slice-61-lb-112545/112545"
        ]
    },
    {
        "product_detail_url": "https://shop.kimelo.com/sku/cheese-mozzarella-loaf-thin-slice-fzn-61-lb-125686/125686",
        "image_url": "https://d3tlizm80tjdt4.cloudfront.net/remote_images/image/5949/small/d23620a3a0f21afb9281850456bf3598285654e87ef638e32e.jpg",
        "product_name": "Cheese, Mozzarella, Loaf, Thin Slice, Fzn, 6/1 Lb 125686",
        "product_code_from_url": "125686",
        "brand": "Galbani",
        "price": "N/A",
        "unit_price": "N/A",
        "status": "BACK IN STOCK SOON",
        "product_name_detail": "Cheese, Mozzarella, Loaf, Thin Slice, Fzn, 6/1 Lb 125686",
        "brand_supplier_detail": "Galbani",
        "categories": "Cheese / Cheese Loaf",
        "detail_page_main_image_url": "https://d3tlizm80tjdt4.cloudfront.net/remote_images/image/5949/large/232d076874aaa3c168bb355026f9bfbbbaf31c76351420c0ad.jpg",
        "detail_page_main_image_alt": "Cheese, Mozzarella, Loaf, Thin Slice, Fzn, 6/1 Lb 125686",
        "detail_page_thumbnail_images": [
            {
                "url": "https://d3tlizm80tjdt4.cloudfront.net/remote_images/image/5949/small/d23620a3a0f21afb9281850456bf3598285654e87ef638e32e.jpg",
                "alt": "Cheese, Mozzarella, Loaf, Thin Slice, Fzn, 6/1 Lb 125686"
            }
        ],
        "sku": "125686",
        "upc": "125686",
        "quantity_package_info": "1 Item",
        "dimensions": "L 1\" x W 1\" x H 1\"",
        "weight": "6 lbs",
        "table_caption": "Product information or packaging displayed may not be current or complete. *Actual weight may vary based on seasonality and other factors.",
        "proposition_65_warning": "Warning: This product can expose you to chemicals including arsenic, which is known to the State of California to cause cancer. For more information, go to www.P65Warnings.ca.gov",
        "related_products": [],
        "other_like_products": []
    },
    {
        "product_detail_url": "https://shop.kimelo.com/sku/cheese-mozzarella-wmlm-cali-gold-loaf-fzn-86-lb-112065/112065",
        "image_url": "https://d3tlizm80tjdt4.cloudfront.net/remote_images/image/7214/small/e9ab65ec35fd13418c56e43a697f0cd6f2464279cf92c5e10b.jpg",
        "product_name": "Cheese, Mozzarella, Wmlm, Cali Gold, Loaf, Fzn, 8/6 Lb 112065",
        "product_code_from_url": "112065",
        "brand": "California Gold",
        "price": "N/A",
        "unit_price": "N/A",
        "status": "BACK IN STOCK SOON",
        "product_name_detail": "Cheese, Mozzarella, Wmlm, Cali Gold, Loaf, Fzn, 8/6 Lb 112065",
        "brand_supplier_detail": "California Gold",
        "categories": "Cheese / Cheese Loaf",
        "detail_page_main_image_url": "https://d3tlizm80tjdt4.cloudfront.net/remote_images/image/7214/large/41b9dc70ad46d4c0cccd5b382266a2a6c4b624473914254036.jpg",
        "detail_page_main_image_alt": "Cheese, Mozzarella, Wmlm, Cali Gold, Loaf, Fzn, 8/6 Lb 112065",
        "detail_page_thumbnail_images": [
            {
                "url": "https://d3tlizm80tjdt4.cloudfront.net/remote_images/image/7214/small/e9ab65ec35fd13418c56e43a697f0cd6f2464279cf92c5e10b.jpg",
                "alt": "Cheese, Mozzarella, Wmlm, Cali Gold, Loaf, Fzn, 8/6 Lb 112065"
            }
        ],
        "sku": "112065",
        "upc": "112065",
        "quantity_package_info": "1 Item",
        "dimensions": "L 1\" x W 1\" x H 1\"",
        "weight": "47 lbs",
        "table_caption": "Product information or packaging displayed may not be current or complete. *Actual weight may vary based on seasonality and other factors.",
        "proposition_65_warning": "Warning: This product can expose you to chemicals including arsenic, which is known to the State of California to cause cancer. For more information, go to www.P65Warnings.ca.gov",
        "related_products": [],
        "other_like_products": []
    },
    {
        "product_detail_url": "https://shop.kimelo.com/sku/cheese-mozzarella-pslm-cali-gold-loaf-fzn-86-lb-112075/112075",
        "image_url": "https://d3tlizm80tjdt4.cloudfront.net/image/13863/image/sm-3e26ef88c6dc801ad4d041ef812a9c7d.png",
        "product_name": "Cheese, Mozzarella, Pslm, Cali Gold, Loaf, Fzn, 8/6 Lb 112075",
        "product_code_from_url": "112075",
        "brand": "California Gold",
        "price": "N/A",
        "unit_price": "N/A",
        "status": "BACK IN STOCK SOON",
        "product_name_detail": "Cheese, Mozzarella, Pslm, Cali Gold, Loaf, Fzn, 8/6 Lb 112075",
        "brand_supplier_detail": "California Gold",
        "categories": "Cheese / Cheese Loaf",
        "detail_page_main_image_url": "https://d3tlizm80tjdt4.cloudfront.net/image/13863/image/lg-b5f972a0f31c1d6e01b4f1ea2e2e9633.png",
        "detail_page_main_image_alt": "Cheese, Mozzarella, Pslm, Cali Gold, Loaf, Fzn, 8/6 Lb 112075",
        "detail_page_thumbnail_images": [
            {
                "url": "https://d3tlizm80tjdt4.cloudfront.net/image/13863/image/sm-3e26ef88c6dc801ad4d041ef812a9c7d.png",
                "alt": "Cheese, Mozzarella, Pslm, Cali Gold, Loaf, Fzn, 8/6 Lb 112075"
            },
            {
                "url": "https://d3tlizm80tjdt4.cloudfront.net/image/12883/image/sm-2d47b5330ce18c62f204eb29f5a6a1a7.jpeg",
                "alt": "Cheese, Mozzarella, Pslm, Cali Gold, Loaf, Fzn, 8/6 Lb 112075"
            }
        ],
        "sku": "112075",
        "upc": "112075",
        "quantity_package_info": "1 Item",
        "dimensions": "L 1\" x W 1\" x H 1\"",
        "weight": "48 lbs",
        "table_caption": "Product information or packaging displayed may not be current or complete. *Actual weight may vary based on seasonality and other factors.",
        "proposition_65_warning": "Warning: This product can expose you to chemicals including arsenic, which is known to the State of California to cause cancer. For more information, go to www.P65Warnings.ca.gov",
        "related_products": [],
        "other_like_products": []
    }
]